2720 3459
1357 116 1415 164 18

766 263 816 304 V.
843 262 955 309 219.;
983 267 1180 313 σκοπεῖτε,
1208 262 1460 320 κάμείβεσθε
1488 261 1604 303 τόνδε
1632 261 1700 302 τὸν
1728 261 1890 319 τρόπον,

988 330 1105 377 ὅπως
1128 330 1179 372 ἂν
1205 330 1297 385 ὑμῖν
1323 331 1482 385 πρᾶγος
1504 325 1553 370 εὖ
1582 329 1677 384 νικᾷ·
1696 325 1802 370 τόδε.

197 413 299 455 Haec
327 413 359 452 si
386 423 475 452 vera
502 412 609 457 sunt,
643 407 762 450 τόνδε
795 408 864 449 τὸν
899 407 1049 464 τρόπον
1086 408 1133 451 ad
1168 408 1360 465 sequentia
1385 406 1499 457 verba
1532 405 1693 448 refertur
1727 406 1847 462 iisque
1881 404 2101 462 explicatur.
2149 404 2247 447 Mihi
2281 409 2405 447 tamen
2440 406 2565 462 aptius

196 478 345 517 videtur
373 473 478 515 τόνδ’
511 472 611 518 ἔπος
636 473 770 529 τορόν,
800 473 916 514 τόνδε
943 487 1106 528 regem.
1147 473 1204 514 Cf.
1232 487 1266 512 v.
1293 472 1402 514 261.:
1428 472 1597 528 βραχὺς
1622 471 1747 526 τορός
1771 469 1816 511 θ’
1847 472 1871 510 ὁ
1897 469 2045 525 μῦθος,
2072 472 2148 526 Ag.
2178 486 2214 510 v.
2246 471 2381 513 1121.:
2410 471 2448 511 τί
2472 470 2565 510 τόδε

198 544 320 600 τορὸν
348 540 449 595 ἄγαν
478 537 579 586 ἔπος
603 538 812 597 ἐφημίσως
840 538 1080 582 Constructio
1107 538 1236 582 eadem
1262 544 1320 580 est
1346 552 1389 580 ac
1416 554 1451 580 v.
1481 535 1571 583 180.
1601 536 1777 581 Ceterum
1804 536 1890 580 libri
1918 537 2049 589 τόπον,
2077 552 2154 580 ιιοιι
2179 537 2340 593 τρόπον.

756 615 806 658 V.
834 615 926 662 231.
956 630 1003 659 s.:
1039 616 1105 658 καὶ
1132 614 1250 658 τᾶλλα
1276 612 1353 656 πού
1378 610 1428 670 μ’
1460 612 1667 657 ἐπεικάσαι
1694 612 1847 657 δίκαιον
1873 611 1933 672 ἦν,

1038 683 1075 723 εἷ
1098 683 1155 739 μὴ
1183 680 1348 737 παρόντι
1377 679 1565 736 φθόγγος
1589 678 1639 738 ἦν
1666 681 1690 720 ὃ
1719 682 1923 738 σημανῶν.

197 764 262 805 Sic
290 762 531 803 Hermannus
557 761 634 801 iam
661 759 778 800 Elem.
801 759 918 801 doctr.
941 764 1045 800 metr.
1073 773 1109 814 p.
1135 757 1222 801 113.
1251 758 1489 799 scribendum
1518 764 1731 807 censuerat,
1760 772 1845 799 cum
1873 757 1958 799 libri
1984 759 2051 798 καὶ
2078 757 2198 798 τᾶλλα
2225 755 2330 798 πόλλ’
2362 757 2425 808 (G.
2448 756 2564 810 πολύ)

197 828 374 869 habeant.
413 824 494 868 Sed
513 824 646 866 dubito
669 839 717 866 an
735 823 833 865 ἄλλα
857 837 928 879 pro
950 822 1067 864 τᾶλλα
1092 822 1288 864 dicendum
1317 824 1385 872 sit3
1412 825 1540 879 itaque
1566 822 1709 864 malim:
1729 821 1804 863 κᾶν
1826 821 1924 864 ἄλλα
1942 820 2052 863 πόλλ’
2078 820 2132 864 ἔτ’
2153 822 2310 865 εἰκάσαι
2330 820 2482 863 δίκαιον
2501 818 2563 877 ἦν,

199 908 275 950 quo
305 892 417 935 simul
447 905 605 934 caesura
632 892 732 932 iusta
754 890 928 938 infertum
956 904 1051 944 quae
1072 891 1104 930 si
1122 903 1198 930 non
1217 891 1450 944 requiratur,
1475 889 1647 931 facillima
1675 891 1873 930 mutatatio
1900 891 1966 930 sit:
1994 887 2076 929 κᾶτ’
2098 888 2196 930 ἄλλα
2213 887 2325 930 πόλλ’
2357 888 2418 929 ἐπ.
2445 887 2482 928 δ.
2501 885 2563 944 ἦν.

466 967 516 1008 V.
544 966 637 1010 252.
667 980 716 1008 s.:
747 966 793 1006 τὰ
821 968 859 1020 (ἰ.
887 980 916 1006 e.
946 965 986 1013 ἅ,
1013 964 1196 1005 κνώδαλα
1222 963 1516 1020 βροτοφθόρα)
1546 963 1596 1021 δὴ
1625 964 1802 1005 παλαιῶν
1829 965 2010 1019 αἱμάτων
2035 965 2256 1019 μιάσμασιν

744 1027 954 1088 χρανῦεἳσ
985 1030 1106 1087 ἀνῆκε
1134 1032 1229 1083 γαῖα
1253 1030 1431 1086 μηνιταῖ’
1459 1029 1549 1087 ἄκη.

199 1112 391 1170 Μηνεῖται
420 1108 501 1167 ἄκη
524 1109 627 1158 libri3
661 1105 833 1165 μηνιταῖ’
863 1106 939 1165 ἄκη
967 1108 1114 1163 scripsit
1142 1106 1399 1156 Hermauuus,
1434 1106 1473 1148 id
1500 1111 1675 1148 solamina
1703 1110 1779 1148 irae
1812 1107 2022 1164 significare
2055 1114 2206 1163 putans.
2263 1107 2432 1150 Obscure
2466 1112 2563 1149 certe

200 1183 255 1223 ita
283 1179 431 1220 locutus
459 1182 559 1217 esset
585 1180 707 1231 poeta.
755 1173 971 1215 Dindorlius
996 1171 1148 1230 μηνιαῖ’
1177 1172 1270 1230 ἄκη,
1299 1182 1342 1214 ιιι
1368 1178 1482 1229 poeta
1508 1166 1638 1215 beluas
1666 1172 1766 1215 dicat
1792 1172 1952 1253 singulis
1980 1173 2171 1216 mensibus
2199 1176 2354 1216 emissas
2382 1173 2561 1215 ulciscen—

201 1245 339 1288 dorum
367 1242 550 1285 scelerum
577 1254 699 1282 eausa.
727 1239 865 1281 Parum
892 1238 1144 1295 probabiliter.
1173 1237 1423 1281 Scribendum
1451 1238 1543 1280 mihi
1569 1238 1717 1281 videtur
1739 1236 1930 1296 μηνίσασ’
1960 1237 2059 1297 αζχηε
2087 1244 2187 1281 terra
2207 1240 2304 1281 irata
2327 1239 2457 1281 beluas
2480 1238 2561 1280 illas

199 1312 321 1352 emisit
347 1315 390 1349 ut
418 1311 542 1348 essent
569 1305 809 1354 calamitates,
836 1308 889 1345 als
918 1307 1064 1357 Plaqen.
1094 1303 1169 1346 Cfr.
1198 1303 1291 1345 Cho.
1320 1302 1417 1348 580:
1446 1302 1569 1344 πολλὰ
1594 1303 1671 1360 μὲν
1698 1305 1753 1358 γᾶ
1780 1303 1920 1361 τρέφει
1949 1303 2059 1347 δεινα
2089 1303 2289 1360 δειμάτων
2318 1303 2350 1345 α
2348 1320 2379 1363 χ
2388 1320 2425 1363 η.

740 1381 787 1421 V.
817 1381 907 1424 271.
936 1396 1005 1422 ss.:
1033 1379 1178 1425 Ἰνδούς
1203 1382 1238 1420 τ’
1268 1380 1428 1421 ἀκούων
1457 1379 1650 1434 νομάδας,
1680 1381 1951 1435 ἱπποβάμοσιν

1044 1445 1153 1500 οἶμαι
1181 1446 1373 1503 καμήλοις
1398 1445 1741 1502 ἀστραβιζούσας,
1765 1445 1902 1503 χθόνα

1039 1509 1135 1567 παρ’
1168 1510 1361 1566 Αἰθίοψιν
1389 1510 1807 1566 ἀστυγειτονουμένας.

198 1594 293 1635 Cum
322 1607 355 1631 v.
384 1589 476 1633 272.
506 1587 592 1628 libri
620 1587 720 1628 εἶναι
748 1587 924 1636 habeant,
960 1588 1060 1643 quod
1088 1589 1324 1630 Hermannus
1359 1590 1397 1629 in
1431 1587 1542 1642 οἶμαι
1570 1591 1744 1638 mutavit,
1779 1603 1850 1644 pro
1887 1589 2047 1631 ἀκούων
2074 1604 2202 1631 omnes
2237 1589 2312 1631 fere
2350 1604 2434 1631 cum
2462 1590 2559 1631 Rob.

196 1656 380 1700 dederunt
415 1651 567 1694 ἀκούω.
623 1652 821 1694 Praeterea
856 1652 1194 1708 ἀστραβιζούσαις
1225 1653 1270 1696 G.
1299 1652 1421 1702 Rob.‚
1458 1652 1633 1709 idemque
1659 1653 1714 1695 Μ.
1744 1653 1921 1695 habuisse
1954 1654 2118 1704 videtur,
2153 1669 2236 1696 cum
2264 1656 2360 1696 inter
2397 1670 2448 1696 σα
2478 1660 2514 1696 et
2543 1671 2565 1699 ς

194 1724 318 1764 littera
345 1733 454 1762 erasa
481 1720 541 1759 sit.
586 1716 852 1759 Difficultatem
880 1723 1004 1758 movet
1025 1716 1179 1775 χθόνα,
1207 1717 1338 1760 deinde
1365 1720 1504 1760 mirum
1531 1718 1942 1774 ἀστυγειτονουμένας
1966 1720 2129 1763 medium
2157 1726 2194 1761 et
2221 1734 2305 1762 cum
2332 1721 2446 1775 παρά
2472 1734 2560 1761 con-

194 1795 389 1830 structum.
416 1785 549 1839 ltaque
578 1786 732 1839 gravius
761 1783 822 1825 hic
848 1790 1038 1839 peccatum
1066 1790 1169 1839 puto.
1198 1784 1383 1877 Equidem
1411 1787 1588 1826 coniicio:

850 1858 996 1906 Ἰνδούς
1020 1861 1057 1902 τ’
1084 1859 1247 1917 ἄγοιμ’
1275 1861 1330 1903 ἂν
1358 1861 1540 1918 νομάδας
1564 1863 1835 1920 ἱπποβάμοσιν

854 1926 979 1983 ὑμᾶς
1003 1927 1193 1986 καμήλοις
1218 1928 1546 1990 ἁστραβιζούσαι
1556 1945 1598 1981 ς,
1621 1928 1757 1990 χθόνα

854 1997 948 2065 παρ’
977 1993 1163 2050 Αἰθίοψιν
1190 1994 1305 2053 ἄγχι
1332 1997 1733 2053 γηνομουμένας,

193 2087 322 2120 terram
335 2080 567 2130 Aethiopibus
578 2079 771 2127 finstimam
789 2077 987 2115 incolentes.
1017 2070 1057 2114 Γ
1050 2073 1285 2130 ηνομεῖσθαι
1312 2077 1382 2116 etsi
1410 2089 1486 2117 non
1509 2077 1708 2125 invenitur,
1736 2075 1898 2133 legitime
1919 2081 2043 2119 tamen
2063 2076 2263 2119 formatum
2282 2083 2358 2126 est,
2386 2083 2558 2134 recteque

193 2144 233 2186 id
259 2150 457 2200 poetarum
483 2144 630 2185 ratione
658 2155 744 2182 cum
769 2138 904 2196 χθόνα
932 2141 1039 2195 iungi
1066 2153 1142 2180 non
1165 2145 1222 2180 est
1248 2140 1348 2195 quod
1369 2141 1639 2191 demonstrem„
1661 2141 1837 2184 Ceterum
1860 2148 1958 2184 reete
1977 2142 2233 2184 Hermannus:
2267 2143 2560 2199 »ἱπποβάμοσιν

194 2209 385 2266 καμήλοις
409 2223 488 2249 cum
513 2216 629 2249 vectas
659 2210 763 2253 dicit,
793 2207 882 2245 nihil
907 2207 1011 2245 aliud
1036 2209 1109 2246 vult
1134 2221 1238 2255 quam
1267 2211 1406 2248 camelis
1434 2223 1602 2260 equorum
1631 2212 1747 2250 instar
1773 2217 1938 2250 utentes...

368 2285 441 2326 Vv.
471 2283 562 2329 429.
593 2298 662 2327 ss.:
690 2283 795 2326 Libri
824 2282 983 2324 habent:

941 2348 1009 2387 καὶ
1036 2347 1197 2399 γλῶσσα
1225 2349 1445 2393 τοξεύσασα
1471 2352 1528 2406 μὴ
1558 2351 1605 2390 τὰ
1629 2351 1780 2405 καίρια,

941 2411 1096 2466 γένοιτο
1123 2410 1264 2465 μύθου
1288 2413 1424 2468 μῦθος
1449 2415 1499 2456 ἂν
1526 2415 1777 2473 θελκτήριος,

935 2477 1097 2531 ἀλγεινὰ
1126 2477 1262 2531 θυμοῦ
1289 2480 1416 2534 κάρτα
1443 2483 1662 2539 κινητήρια,

197 2553 304 2590 tertio
333 2563 443 2590 versu
470 2561 555 2588 cum
582 2545 818 2602 praecedenti
844 2546 1014 2587 oratione
1044 2545 1198 2584 omnino
1227 2557 1304 2584 non
1324 2548 1530 2595 coniuncto,
1558 2556 1602 2587 ut
1621 2547 1833 2602 corruptela
1855 2547 1927 2588 loci
1948 2553 2047 2589 certa
2070 2551 2128 2588 sit.
2159 2548 2285 2595 Quare
2306 2547 2557 2598 Hermannus,

197 2619 240 2655 ut
267 2616 379 2655 verba
407 2611 662 2668 superioribus
690 2615 938 2659 necterentur,
968 2610 1140 2666 scripsit:

932 2688 990 2744 μὴ
1020 2686 1155 2740 ἀλγεῖν
1184 2686 1211 2726 ἃ
1240 2687 1375 2740 θυμοῦ
1401 2690 1529 2742 κάρτα
1556 2689 1774 2746 κινητήρια,

195 2769 219 2810 i.
246 2780 278 2809 e.
307 2765 412 2808 ὥστε
436 2767 492 2823 μὴ
521 2767 665 2820 ἀλγεῖν.
721 2765 827 2814 Quae
854 2767 953 2808 ratio
982 2777 1217 2819 quamquam
1245 2768 1302 2804 est
1329 2766 1564 2819 sagacissime
1591 2769 1824 2823 excogitata,
1861 2766 1952 2809 mihi
1980 2771 2105 2809 tamen
2136 2768 2278 2823 pariter
2305 2770 2418 2821 atque
2446 2768 2483 2808 in
2512 2768 2557 2807 iis

196 2847 293 2889 quae
335 2833 507 2888 proxime
549 2831 767 2874 antecedunt
811 2832 1054 2874 Hermannus
1092 2828 1263 2872 versibus
1306 2828 1398 2872 427.
1439 2829 1494 2875 28
1528 2834 1765 2889 transpositis
1805 2832 1987 2876 medelam
2027 2838 2207 2890 corrupto
2250 2832 2334 2874 loco
2375 2831 2557 2882 adhibuit,

195 2901 247 2940 ita
292 2897 352 2939 hic
395 2911 544 2953 quoque
588 2908 776 2954 praestare
818 2897 966 2940 videtur
1008 2896 1124 2939 verba
1167 2895 1328 2951 ἀλγεινὰ
1372 2895 1505 2951 θυμοῦ
1548 2900 1675 2955 κάρτα
1715 2902 1921 2958 κινητήρια
1961 2901 2088 2954 statim
2128 2900 2254 2940 versui
2292 2897 2385 2943 429.
2426 2898 2557 2942 subiici

193 2968 376 3006 commate
414 2967 502 3019 post
535 2962 694 3017 ἀλγεινά
725 2966 867 3021 posito,
904 2969 947 3006 ut
981 2963 1184 3006 verborum
1221 2962 1270 3003 τὰ
1297 2962 1434 3018 καίρια
1468 2963 1528 3005 illa
1565 2967 1639 3007 sint
1677 2967 1875 3023 appositio.
1931 2965 2060 3023 Atque
2098 2964 2197 3008 idem
2235 2967 2310 3007 iam
2348 2963 2555 3009 Stanleium

194 3033 359 3073 suasisse
386 3029 505 3072 video.
561 3028 777 3072 Dindorfius
811 3037 940 3073 contra
976 3031 1080 3072 illum
1117 3043 1267 3072 versum
1301 3035 1344 3071 ut
1375 3032 1546 3085 spurium
1581 3038 1618 3073 et
1651 3032 1761 3088 plane
1795 3033 1962 3075 inutilem
1997 3031 2270 3074 condemnavit.
2325 3031 2420 3074 Mihi
2449 3033 2556 3075 aliter

193 3094 358 3145 videtum
392 3100 490 3137 certe
525 3108 599 3136 non
636 3097 758 3137 omnia
793 3111 891 3152 quae
922 3096 1086 3152 ἄκαιρα,
1122 3098 1234 3139 etiam
1273 3096 1438 3150 ἀλγεινά
1472 3102 1507 3138 et
1542 3096 1675 3151 θυμοῦ
1709 3100 1838 3154 κάρτα
1867 3100 2072 3158 κινητήρια
2107 3104 2205 3143 sunt.
2261 3097 2395 3142 Ortum
2431 3105 2554 3143 autem
