2720 3459
1276 135 1333 181 17

122 291 291 347 rogative
319 283 573 341 accipiendum
600 298 701 334 esse3
735 299 823 327 nam
854 286 968 327 verba
995 285 1037 327 εἴ
1059 286 1119 332 τίς
1144 285 1227 328 ἐστι
1261 284 1464 342 κηδεμών,
1492 283 1657 339 pendent
1684 282 1731 326 ab
1759 281 2023 339 ἀνθεμίζομαι
2051 284 2190 340 δεῖμαε
2225 290 2487 329 lamentabatur

123 358 247 406 eolliyo
275 360 398 393 metum
424 351 449 391 i.
476 363 508 391 e.
535 358 645 391 metue
671 359 705 392 et
729 355 873 403 anqorie
895 355 1006 404 plena
1031 367 1130 401 eum,
1157 366 1280 394 amem
1307 352 1333 393 i.
1359 365 1392 392 e.
1419 351 1632 392 veliementer
1652 351 1881 402 perturbata,
1909 354 2101 392 mnioomm
2118 366 2270 404 expes-0,
2299 367 2383 393 mam
2400 356 2485 406 quis

124 424 228 459 huius
244 422 361 469 suque
390 429 515 455 curam
539 423 650 466 yet-at.

608 488 657 531 V.
686 490 750 533 71.
778 504 880 547 sqq.:
908 491 1020 543 ιίλλά,
1048 491 1141 536 θεοὶ
1167 491 1343 548 γενέται,
1370 487 1505 532 κλύετ’
1536 486 1585 531 εὖ
1612 489 1658 530 τὸ
1686 488 1838 530 δίκαιον
1865 487 2030 538 ἰδόντες,

909 557 936 615 ἢ
963 560 1042 600 καὶ
1065 561 1124 617 μὴ
1151 559 1287 601 τέλεον
1313 557 1455 602 δόντες
1480 553 1590 612 ἔχειν
1617 554 1713 609 παρ’
1738 552 1871 602 αἶσαν,

909 622 1029 680 ὕβριν
1056 624 1099 667 δ’
1126 624 1287 681 ἐτύμως
1312 623 1537 678 στέγοντες,
1567 617 1616 664 εὖ

912 686 1059 731 πέλοιτ’
1090 689 1140 732 ἂν
1166 688 1313 733 ἔνδικοι
1340 688 1490 745 νόμοις.

124 767 188 810 Sic
213 767 464 808 Hermannus.
494 764 542 807 V.
568 764 633 809 72.
663 764 715 806 Μ.
744 766 770 822 ἡ
800 765 880 815 καὶ,
909 765 954 808 G.
982 766 1009 823 ἢ
1037 768 1104 808 καὶ
1129 769 1233 809 etin
1258 780 1378 824 marg.
1406 767 1433 824 ἣ
1461 765 1715 821 adscriptum,
1742 764 1785 805 P.
1813 763 1839 821 ἢ
1865 764 1960 819 βαί,
1987 764 2032 805 Ε.
2059 766 2126 805 καὶ
2152 768 2290 808 omisso
2317 766 2359 821 ἧ,
2385 767 2486 810 Rob.

123 833 149 889 ἢ
177 833 254 873 καί.
298 830 441 874 Deinde
467 845 503 872 v.
525 830 802 874 72..librorum
829 830 1012 886 ἑτοίμως,
1040 831 1086 876 G.
1114 831 1274 887 ἐτύμως
1298 835 1337 874 in
1364 830 1526 886 ἐτύμως
1550 832 1719 874 correxit
1744 829 1952 873 Amaldns.
1993 829 2094 874 Tum
2122 832 2332 886 στυγόντες
2354 833 2409 876 Μ.
2436 833 2483 877 Ε.

123 898 220 942 Rob.
239 895 343 947 Ald„
369 895 561 952 στυγόνες
580 894 639 947 G„
666 897 906 952 στυγοῦντες
930 895 1016 940 inde
1042 912 1064 940 a
1083 896 1263 941 Turnebo
1289 897 1527 948 recentiores,
1553 895 1767 952 στέγοντες
1785 894 1986 946 Ηοειῑὴίιιε,
2013 894 2102 938 addi
2128 896 2259 939 volens
2285 895 2345 949 εὖ,
2372 911 2485 955 quem

124 964 362 1004 Hermannus
382 967 534 1004 secutus
552 967 621 1004 est.
650 962 747 1004 Mihi
773 962 1019 1018 depravatum
1043 963 1191 1005 videtur
1216 963 1244 1021 ἢ
1264 964 1349 1013 καίς
1364 976 1463 1021 ιιιειιιι
1491 976 1590 1018 quae
1617 967 1832 1017 sequuntur
1856 963 1916 1019 μὴ
1944 961 2080 1003 τέλεον
2106 961 2245 1007 δόντες
2266 961 2373 1020 ἔχειν
2390 965 2485 1020 παρ’

125 1029 242 1070 αἶσαν
262 1033 365 1069 cett:
392 1027 469 1069 fere
489 1027 588 1070 idem
605 1027 731 1069 valent
754 1026 858 1083 quod
878 1024 1009 1069 κλύετ’
1032 1025 1078 1069 εὖ
1099 1028 1144 1069 τὸ
1165 1027 1316 1069 δίκαιον
1343 1026 1508 1078 ἰδόντες,
1533 1032 1578 1069 ut
1602 1026 1630 1085 ἢ
1657 1027 1728 1068 καί
1751 1041 1829 1068 non
1857 1028 1909 1068 sit
1933 1032 2075 1083 aptum.
2101 1025 2163 1068 Ex
2182 1026 2225 1069 P.
2245 1026 2335 1084 ἥβᾳ
2356 1030 2484 1071 ooniioi

123 1099 267 1150 potest,
294 1099 338 1135 ut
363 1093 535 1149 Aegypti
561 1092 628 1135 filii
655 1094 808 1135 iuvenes
835 1091 1107 1149 intelligantur3
1133 1095 1242 1135 etiam
1269 1092 1371 1150 ἀλκᾷ
1396 1094 1611 1142 conveniat,
1638 1093 1684 1135 cf.
1711 1093 1814 1135 Pers.
1834 1092 1928 1137 597.
1952 1092 2045 1135 Eur.
2068 1091 2211 1135 Phoen.
2232 1092 2313 1137 259
2339 1092 2485 1141 Hem:

126 1157 316 1212 δειμαίνω
336 1157 407 1198 τὰν
427 1157 503 1199 σὰν
523 1157 658 1200 ἀλκάν.
686 1157 886 1200 Praeterea
911 1157 1121 1212 στυγόντες
1143 1172 1221 1200 non
1245 1157 1467 1200 mutandum
1494 1162 1606 1215 puto3
1632 1157 1678 1199 cf.
1705 1172 1742 1199 v.
1764 1157 1874 1201 512:
1901 1157 2075 1200 ἄλευσον
2101 1157 2265 1214 ἀνδρῶν
2292 1157 2413 1214 ὕβριν
2438 1156 2495 1200 εὖ

125 1224 338 1281 στυγήσας,
366 1230 404 1265 et
430 1221 478 1265 εὖ
503 1238 582 1266 non
609 1238 694 1266 cum
717 1223 960 1280 sequentibus
982 1224 1123 1273 verbis,
1150 1223 1215 1266 sed
1242 1237 1326 1265 cum
1352 1222 1565 1277 στυγόντες
1588 1228 1643 1265 ut.
1658 1237 1694 1264 v.
1716 1223 1810 1267 512.
1829 1223 2081 1280 iungendum:
2110 1222 2233 1279 ὕβριν
2260 1220 2299 1264 δ’
2330 1222 2490 1278 ἐτύμως

125 1289 337 1343 στυγόντες
362 1287 423 1340 εὖ,
451 1287 591 1332 πέλοιτ’
622 1289 672 1331 ἂν
699 1289 740 1345 (f.
760 1288 868 1346 ἄρῬ)
896 1287 1042 1331 ἔνδικοι
1069 1290 1206 1346 νόμοις
1230 1289 1269 1344 (f.
1296 1287 1468 1345 μόγοιςὶ)
1493 1289 1560 1330 int.
1588 1286 1730 1343 ἐμοῖς).
1757 1285 1981 1342 Στυγόντες
2004 1290 2244 1346 participium
2272 1294 2331 1330 est
2357 1289 2487 1331 aorisfi

126 1356 316 1397 Homerici
339 1352 507 1409 ἔστυγον
533 1354 577 1397 ll.
599 1372 646 1411 ρ,
665 1354 759 1399 694.
787 1353 859 1398 od.
878 1370 922 1404 κ,
950 1353 1039 1402 113.
1069 1353 1210 1397 Sensus
1232 1350 1305 1396 est}
1332 1357 1503 1396 iuventuti
1524 1353 1583 1395 vel
1608 1357 1729 1395 robori
1753 1369 1824 1395 non
1846 1363 1997 1408 praeter
2012 1360 2081 1408 sas
2103 1358 2188 1396 dato
2214 1369 2395 1405 successu,
2423 1358 2491 1397 sod

125 1424 344 1461 insolentiam
372 1435 451 1461 vere
471 1424 600 1473 perosi
623 1423 710 1461 iusti
733 1423 812 1461 sites
839 1423 1017 1461 ommnis
1044 1423 1138 1462 meis.
1167 1419 1216 1462 Ut
1242 1418 1290 1462 εὖ
1317 1433 1401 1462 cum
1421 1419 1639 1473 στυγόντες
1663 1421 1854 1476 ilmgatur‚
1882 1420 2016 1462 suadet
2036 1422 2148 1463 etiam
2169 1421 2350 1477 strophae
2370 1423 2486 1463 inter-

125 1489 277 1542 punctio
307 1489 344 1528 in
373 1491 543 1529 extremo
570 1499 684 1529 versu
711 1486 776 1531 66.
804 1488 940 1543 posita.

743 1562 790 1604 V.
817 1562 882 1607 88.
911 1577 980 1604 ss.:
1012 1562 1109 1616 βίαν
1135 1560 1177 1603 δ’
1202 1561 1310 1608 οὔτις
1335 1561 1516 1611 &salbete

1010 1627 1079 1670 τὰν
1105 1626 1251 1670 ἄπονον
1270 1626 1500 1683 δαιμονίων.
1613 1669 1622 1676 ,

1005 1697 1160 1753 μνῆμον
1186 1693 1271 1737 ἄνω
1298 1694 1496 1752 φρόνημά
1519 1709 1608 1741 πως

1012 1759 1182 1801 αὐτόθεν
1209 1759 1428 1816 ἐξέπραξεν
1456 1758 1528 1815 {p-

1010 1841 1087 1871 πας
1111 1824 1294 1880 ἑδράνων
1320 1825 1393 1880 ἀφ’
1421 1827 1567 1878 ἁγνῶν.

126 1907 189 1948 Sic
208 1898 356 1948 Herm..
389 1904 490 1947 Libri
516 1918 551 1946 v.
566 1902 633 1948 88.
661 1902 779 1945 οὔτιν’
807 1901 1013 1953 ἐξοπλίζει,
1040 1916 1075 1945 v.
1098 1901 1163 1947 89.
1190 1901 1365 1954 ἄποινον,
1395 1918 1429 1946 v.
1451 1901 1518 1948 90.
1545 1902 1707 1961 ἥμενον,
1735 1918 1770 1946 v.
1788 1902 1854 1949 92.
1877 1902 1953 1960 ἐφ’.
1979 1904 2228 1961 Aptissimam
2245 1895 2486 1949 Hermannus

126 1973 288 2014 restituit
330 1972 567 2020 sententiam,
612 1968 679 2012 sed
716 1969 853 2011 haereo
895 1970 935 2010 in
976 1967 1202 2024 δαιμονίων,
1244 1968 1347 2025 quod
1383 1968 1444 2009 iiie
1478 1968 1619 2010 dietum
1652 1983 1735 2010 esse
1771 1969 1853 2009 vult
1885 1974 1930 2010 ut
1963 1969 2065 2027 apud
2098 1969 2315 2027 Euripidem
2349 1970 2487 2011 πολλαὶ

123 2038 283 2093 μορφαὶ
319 2039 397 2076 τῶν
425 2036 653 2090 δαιμονίων.
708 2036 764 2076 At
798 2035 849 2075 ibi
884 2041 942 2075 est
978 2034 1154 2075 articulus
1190 2036 1271 2089 qui,
1313 2049 1398 2075 cum
1434 2034 1605 2075 adieetivi
1638 2041 1814 2076 neutrum
1850 2037 1900 2076 sit
1932 2036 2163 2077 substantive
2193 2039 2379 2091 positum,
2419 2040 2485 2077 vix

127 2104 254 2146 abesse
280 2092 424 2159 potest,
459 2108 571 2158 atque
599 2103 639 2143 in
666 2101 848 2158 Aeschyli
874 2101 999 2143 verbis
1026 2106 1130 2143 tanto
1164 2102 1304 2150 minus,
1338 2102 1427 2156 quia
1461 2098 1550 2141 τὰν
1577 2098 1729 2142 ἄπονον
1754 2100 1961 2157 praecedit3
1993 2114 2066 2157 pro
2095 2099 2331 2144 substantivo
2359 2106 2485 2144 autem

127 2169 253 2212 haberi
292 2167 384 2210 illud
418 2169 565 2223 nequit,
599 2180 683 2209 cum
718 2166 924 2221 δαιμόνιον
951 2166 1222 2209 substantivum
1256 2180 1278 2208 a
1304 2167 1474 2223 tragicis,
1510 2172 1554 2207 ut
1579 2168 1692 2208 etiam
1718 2180 1742 2207 a
1771 2166 1924 2208 Platone
1951 2171 1990 2208 et
2013 2166 2287 2222 Xenophonte,
2321 2167 2485 2208 alienum

126 2238 184 2276 sit.
214 2236 344 2290 Itaque
371 2247 443 2291 ego
471 2233 595 2275 malim
625 2232 844 2287 δαιμονίαν.
879 2233 1076 2275 Praeterea
1101 2234 1224 2274 nescio
1252 2246 1301 2273 an
1327 2233 1449 2288 magis
1477 2231 1526 2273 ad
1552 2231 1670 2274 libros
1698 2231 1849 2274 aeeedat
1872 2231 1971 2285 βίαν
1997 2229 2039 2272 δ’
2069 2231 2179 2278 οὔτις
2203 2231 2359 2289 ἐξακρ
2369 2233 2483 2282 ι’ζει,

126 2301 228 2357 quod
254 2315 338 2343 cum
367 2300 494 2342 ἰάπτει
522 2295 561 2340 δ’
594 2296 764 2341 ἐλπίδων
790 2297 862 2356 ἀφ’
890 2297 1124 2356 ὑψιπύργων
1149 2312 1183 2338 v.
1203 2295 1268 2342 86.
1295 2303 1333 2338 et
1354 2310 1439 2339 eum
1467 2295 1553 2339 ἄνω
1580 2301 1616 2340 'v.
1636 2296 1701 2342 90.
1729 2299 1870 2355 optime
1896 2299 2088 2354 congruit3
2114 2297 2159 2340 ef.
2180 2297 2271 2340 Eur.
2291 2298 2358 2342 Or.
2373 2298 2485 2342 275.:

127 2364 345 2423 ἐξακρίζετ’
377 2364 528 2422 αἰθέρα
547 2367 727 2421 πτεροῖς;
755 2379 799 2407 ae
824 2379 895 2422 pro
921 2368 1090 2423 μνῆμον,
1117 2363 1218 2419 quod
1243 2376 1312 2419 per
1338 2376 1378 2405 se
1404 2365 1598 2419 egregium
1625 2369 1684 2405 est
1711 2363 1772 2416 (cf.
1802 2379 1982 2405 memorem
2006 2367 2158 2405 Iunonie
2184 2369 2227 2406 ob
2255 2370 2378 2418 irarn),
2406 2365 2485 2408 sor·

127 2439 224 2475 tasse
253 2438 420 2490 praestat
445 2429 584 2490 ἠρέμ’,
613 2433 672 2473 cui
700 2430 849 2473 ἄπονον
876 2431 1087 2488 respondet.

783 2508 830 2548 V.
860 2508 926 2553 93.
955 2522 1022 2550 ss:
1049 2506 1200 2549 ἰδέσθω
1227 2506 1268 2547 δ’
1296 2506 1357 2552 εἰς
1383 2504 1503 2562 ὕβριν

1041 2573 1239 2627 βρότειον,
1267 2572 1333 2613 οἳα
1362 2572 1504 2621 νεάζει,
1532 2570 1695 2629 πυθμὴν
1768 2599 1777 2605 -

1043 2638 1091 2681 δι’
1117 2638 1221 2694 ἀμὸν
1248 2639 1379 2693 γάμον
1407 2636 1591 2684 τεθαλὼς
1616 2642 1712 2680 cett..

128 2719 176 2759 V.
205 2718 268 2761 94.
306 2718 372 2760 οἵα
398 2717 638 2760 Hermannus
665 2731 736 2774 pro
770 2716 858 2767 οἷα,
893 2715 1110 2759 Dindorfius
1145 2729 1229 2757 cum
1257 2715 1459 2757 Schuetzio
1488 2714 1572 2771 οἵᾳ,
1604 2719 1703 2756 recte
1739 2716 1898 2771 iungens
1933 2716 2002 2773 οἵᾳ
2030 2718 2160 2766 νεάζει
2194 2719 2357 2777 πυθμὴν
2384 2725 2487 2770 θεας

128 2797 214 2824 nam
242 2784 449 2826 subiectum
475 2783 579 2825 verbi
607 2782 761 2825 ἰδέσθω
788 2798 866 2825 non
891 2789 1018 2840 potest
1042 2795 1123 2824 esse
1150 2781 1323 2839 πυθμήν,
1359 2781 1425 2822 sed
1457 2786 1516 2822 est
1549 2780 1743 2837 φρόνημα
1779 2796 1811 2821 v.
1840 2780 1905 2825 90.
1962 2782 2047 2840 Ego
2082 2790 2208 2826 tamen
2247 2785 2486 2841 praetulerim

129 2848 237 2889 οἵαν
267 2850 394 2898 νεάζει
422 2865 473 2892 π..
516 2847 689 2907 Πυθμὴν
717 2875 769 2882 -
794 2849 1020 2904 μεταγνούς
1043 2853 1133 2891 sunt
1152 2845 1431 2904 Aegyptiadae.

759 2925 807 2967 V.
834 2926 927 2969 215.
955 2939 1001 2967 s.:
1032 2923 1129 2965 οὐδὲ
1154 2922 1245 2980 μὴ’ν
1266 2917 1397 2963 οἍιδου
1426 2920 1566 2962 θανὼν

1031 2990 1140 3047 φύγῃ
1165 2988 1348 3045 ματαίων
1374 2988 1515 3040 αἰτίας,
1544 2988 1703 3046 πράξας
1729 2989 1841 3033 τάδε.

130 3063 193 3107 Sic
213 3066 337 3110 Herm.
367 3083 450 3111 cum
471 3068 672 3113 Schuetzio
698 3083 770 3126 pro
796 3071 977 3125 μάταιον.
1005 3065 1185 3123 Equidem
1212 3065 1337 3108 malim
1362 3065 1571 3125 ματὴρων,
1601 3068 1942 3123 inquisitorum
1969 3072 2328 3112 criminationes.
2364 3069 2489 3113 Affert

126 3130 260 3188 μα’τὴρ
288 3132 521 3208 Hesyehius‚
548 3134 649 3178 unde
674 3135 905 3191 μαιηρεύω.
2145 3196 2171 3235 5
