2720 3459
1255 127 1317 174 27

101 280 228 323 Prima
262 275 378 318 verba
414 277 485 318 τοῦ
525 275 638 318 θεστ.
669 277 856 331 μάντεως
885 275 1117 333 respondent
1150 274 1199 318 ad
1233 274 1327 317 haec
1360 289 1395 316 v,
1430 273 1542 318 600.:
1584 276 1655 316 τοῦ
1691 274 1784 317 ποτ’
1816 272 2048 331 ἀνθρώπων
2079 274 2249 330 μαθώνς
2288 277 2335 317 iis
2370 290 2467 331 quae

100 348 315 400 sequuntur
341 344 496 383 nuntius
523 343 705 398 inceptam
735 357 768 384 v.
796 342 888 387 798.
915 344 1122 384 orationem
1157 342 1417 398 persequitur;
1450 345 1495 381 ut
1529 345 1627 381 recte
1660 339 1808 381 dicatm·
1843 339 1998 396 φέρειν,
2032 342 2140 383 cuius
2175 340 2383 382 subiectum
2409 347 2468 383 est

102 408 220 467 τήνδε
247 407 401 455 ἔξοδον.
432 408 495 450 Ad
523 406 583 448 ἔτ’
608 421 678 464 pro
707 408 769 449 ὅτ’
796 408 900 450 ducit
924 409 1109 451 librorum
1137 421 1235 463 quos
1263 407 1345 448 dixi
1372 408 1562 462 scriptura
1588 406 1666 463 ἥτ’.

626 484 673 526 V.
700 484 811 529 960.:
845 485 935 540 ἐμοὶ
961 486 1106 541 πικρὸς
1130 483 1335 542 τέθνηκεν,
1363 483 1389 541 ἢ
1418 483 1566 529 κείνοις
1589 482 1747 537 γλυκύς.

101 551 216 594 Recte
250 564 291 592 se
325 550 451 591 omnia
485 549 644 600 habent.
674 549 787 592 modo
820 564 892 606 pro
926 549 954 608 ἤ
986 565 1070 593 cum
1104 551 1171 594 La.
1208 550 1397 593 scribatur
1423 548 1450 608 ἦ
1477 555 1517 591 et
1543 551 1812 606 interrogative
1839 548 2024 605 quidem.

842 614 933 670 ἐμοὶ
959 617 1103 672 πικρὸς
1126 615 1337 673 τέθνηκεν·
1365 615 1391 674 ἦ
1419 616 1568 661 κείνοις
1593 614 1756 668 γλυκόςς

101 684 187 721 mihi
210 695 306 720 mora
333 684 408 720 eius
436 684 564 721 acerba
589 689 661 722 eet.-
689 695 772 720 num
798 683 869 720 illis
894 684 1022 732 qaudii
1045 690 1182 723 causa?
1214 682 1280 724 cfr.
1307 696 1342 724 v,
1370 681 1453 726 962
1481 696 1532 723 s..
1588 680 1765 722 Ceterum
1798 679 1863 722 cfr.
1891 679 1984 722 Eur.
2012 680 2147 737 Suppl.
2178 681 2302 726 1222:
2332 681 2468 738 πικροὶ

102 746 183 801 γὰρ
211 746 351 791 αὐτοῖς
376 746 488 802 ἥξετ’
516 744 848 801 ἐκτεθραμμένοι.

627 810 674 853 V.
694 809 787 855 994.
812 824 861 852 s.:
890 809 989 857 ὁδός
1015 809 1062 853 θ’
1088 810 1198 855 ὁδῶν
1224 815 1366 856 πασῶν
1392 813 1595 856 ἀνιάσασα
1624 812 1675 871 δὴ

886 878 1055 930 μάλιστα
1082 879 1230 933 τούμὸν
1256 880 1493 936 σπλάγχνον.

103 943 177 984 l'ro
205 944 346 984 πασῶν
373 957 458 984 cum
486 942 553 984 La.
582 940 652 984 Lb.
680 939 725 984 Γ.
753 940 796 983 Δ.
827 941 904 983 Pal.
935 941 995 983 alii
1024 942 1185 985 habeant
1208 944 1388 994 ἁπασῶν,
1417 945 1542 986 nescio
1571 959 1621 985 an
1648 941 1890 986 scribendum
1917 943 1987 984 sit:

889 1007 998 1049 ὁδῶν
1026 1007 1070 1050 θ’
1097 1010 1263 1052 ἁπασῶν
1290 1009 1361 1066 ἥδ’
1389 1011 1589 1052 ἀνιάσασα
1617 1009 1669 1067 δὴ
1700 1035 1765 1051 -.

102 1073 181 1115 Csr.
210 1074 350 1135 Trach.
377 1073 490 1118 8⁷:22
517 1072 677 1131 βέβηκε
704 1073 906 1130 Δῃάνειρα
933 1074 1003 1130 τὴν
1029 1078 1275 1134 πανυστάτην
1303 1077 1413 1117 ὁδῶν
1439 1078 1607 1118 ἁπασῶν
1634 1077 1684 1124 ἐξ·
1708 1077 1896 1134 ἀκινήτου
1924 1075 2064 1121 ποδός.

646 1139 693 1181 V.
726 1139 860 1183 1031.:
889 1139 1096 1193 ἐγνοίπτετ’
1122 1141 1246 1193 αἰέν,
1275 1141 1373 1190 ἔςτ’
1400 1142 1607 1197 ἀπέῴυξεν
1633 1142 1740 1196 βίον.

101 1206 309 1263 Sophocles
338 1208 370 1248 si
396 1206 551 1248 Homeri
578 1205 624 1248 de
651 1205 824 1247 Hectoris
852 1210 972 1247 morte
999 1208 1247 1249 narrationem
1274 1214 1426 1250 secutus
1453 1213 1527 1256 est,
1556 1209 1751 1264 scripsisse
1779 1207 1870 1249 mihi
1898 1206 2066 1248 videtur:

820 1270 1030 1324 ἐγνάπτετ’
1056 1272 1224 1323 αἰνῶς,
1253 1272 1356 1314 εὖτ’
1382 1273 1590 1328 ἀπέῴυξεν
1616 1274 1722 1327 βίον.

623 1334 673 1377 V.
705 1334 841 1380 1366.:
868 1333 894 1393 ἦ
923 1334 1048 1377 πάνθ’
1074 1337 1214 1392 ὁμοῖα·
1242 1340 1321 1384 πᾶς
1345 1338 1450 1395 ἀνὴρ
1479 1337 1594 1393 αὐτῷ
1621 1340 1746 1379 πονεῖ.

101 1405 216 1446 Recte
236 1405 291 1444 sic
314 1402 552 1444 Hei-mannus
578 1400 737 1442 alterum
759 1400 998 1443 scholiastam
1024 1407 1190 1443 secutus:
1218 1401 1346 1449 ὄντως
1370 1404 1498 1445 πάντα
1525 1403 1574 1445 τὰ
1602 1402 1836 1459 ἀνθρώπων
1862 1403 2003 1459 ὅμοια·
2032 1405 2112 1448 πᾶς
2137 1404 2218 1457 γὰρ
2246 1400 2473 1457 ἄνθρωπος

102 1471 172 1528 την
191 1469 340 1510 οἰκείαν
359 1467 683 1524 πραγματεύεται
703 1466 918 1524 σωτηρίαν,
938 1467 1050 1508 modo
1070 1470 1102 1509 is
1117 1468 1254 1510 diceret
1270 1471 1417 1525 potius:
1444 1470 1591 1514 πάντες
1608 1468 1647 1509 οἱ
1663 1468 1875 1525 ἄνθρωποι
1893 1468 2038 1523 ὅμοιοι.
2066 1467 2202 1509 Πάνδ’
2223 1472 2289 1508 aut
2311 1465 2469 1509 ἅπανθ’

103 1537 224 1589 ὁμοῖα
259 1537 297 1575 in
331 1533 532 1590 proverbio
565 1538 666 1582 erat3
708 1531 774 1573 cfr.
809 1532 916 1573 Suid.
945 1548 979 1573 v.
1003 1529 1192 1579 Ῥοδῶπις
1220 1541 1259 1576 et
1291 1534 1453 1576 Bekker.
1481 1534 1652 1576 Anecdd.
1688 1535 1717 1576 l.
1754 1549 1793 1591 p.
1820 1534 1920 1583 416,
1953 1534 2010 1577 7.:
2044 1532 2197 1574 ἅπανθ’
2225 1534 2366 1587 ὁμοῖα,
2402 1533 2468 1572 καὶ

97 1599 287 1646 Ῥοδῶπις
310 1600 335 1658 ἡ
363 1599 476 1657 καλή,
503 1604 541 1641 et
566 1597 719 1640 Terent.
750 1598 904 1640 Phorm.
932 1597 975 1640 11.
1006 1599 1040 1649 1,
1068 1597 1140 1644 34:

761 1664 856 1707 Ecce
880 1670 1001 1707 autem
1029 1665 1162 1707 similia
1189 1668 1334 1708 omnia:
1362 1681 1492 1709 omnes
1520 1673 1754 1723 congruunt:

762 1729 888 1772 Unum
915 1732 1099 1786 cognoris,
1126 1734 1248 1772 omnis
1276 1735 1393 1774 noris.

279 1795 496 1839 ELECTR.
509 1796 619 1839 v.2i.
631 1810 662 1837 s.
684 1795 967 1852 simplicissima
987 1801 1023 1837 et
1042 1798 1201 1838 maxime
1222 1797 1430 1853 probabilis
1450 1798 1672 1839 emendandi
1692 1799 1791 1839 ratio
1810 1797 1902 1838 mihi
1917 1797 2011 1837 haec
2029 1796 2188 1843 videtur,
2206 1801 2251 1836 ut
2268 1795 2469 1837 scr-ibam:

937 1861 997 1907 ὡς
1021 1859 1111 1903 ἔνθ’
1139 1862 1213 1914 (vel
1241 1863 1311 1916 ἵν’)
1341 1863 1527 1917 ἕσταμεν,

763 1925 837 1966 ου’κ
865 1925 951 1967 ἔστ’
979 1925 1037 1967 ἔτ’
1063 1926 1192 1967 ὀκνεῖν
1219 1927 1374 1983 καιρός,
1401 1928 1488 1968 ἀλλ’
1516 1926 1652 1984 ἔργων
1679 1928 1800 1983 ἀκμή.
1837 1927 1912 1968 Csr.
1943 1926 2038 1968 Oed.
2065 1926 2113 1967 R.
2151 1926 2261 1968 1442.
2289 1941 2337 1966 s..

279 1994 329 2034 V.
354 1993 440 2036 112.
463 2007 513 2033 ss.
544 1992 638 2033 Cum
664 1998 791 2047 aperte
819 1994 857 2033 in
884 1992 1007 2034 verbis
1034 1992 1076 2033 αἳ
1101 1992 1196 2038 τοὺς
1219 1992 1372 2038 ἀδίκως
1398 1993 1648 2051 θνήσκοντας
1669 1994 1807 2048 ὁρᾶτε,
1837 1992 1933 2036 τοὺς
1956 1991 2078 2035 εὐνὰς
2105 1990 2472 2045 ὑποκλεπτομένους

103 2061 296 2104 turbatum
322 2060 372 2101 sit
398 2062 435 2100 et
463 2056 648 2114 quaedam
676 2059 815 2100 omissa
843 2059 945 2112 (nam
973 2057 1239 2114 antistrophica
1268 2057 1359 2100 haec
1386 2072 1468 2101 esse
1496 2058 1588 2101 mihi
1615 2071 1840 2115 persuasum
1867 2058 1952 2112 est),
1980 2056 2140 2099 fortasse
2167 2063 2300 2112 poetae
2329 2069 2465 2099 manns

102 2129 322 2169 restituetur
348 2125 403 2166 sic
430 2122 648 2165 scribendo:

895 2179 1040 2234 σεμναί
1063 2194 1105 2220 τε
1132 2177 1243 2219 θεῶν
1268 2179 1412 2224 παῖδες
1432 2178 1623 2235 Ἐρινύες,

895 2245 938 2288 αἳ
966 2244 1060 2292 τοὺς
1083 2243 1234 2291 ἀδίκως
1259 2242 1484 2302 θνήκοντας
1510 2245 1664 2300 ὁρᾶτ’,

897 2311 1107 2369 ἐςορᾶτε
1134 2310 1180 2351 δὲ
1209 2310 1306 2357 τοὺς
1329 2312 1488 2359 αἰκῶς
1513 2312 1634 2358 εὐνὰς

895 2376 1258 2431 ὑποκλεπτομένους
1281 2400 1348 2417 -.

106 2448 228 2491 Facile
255 2446 493 2504 intelligitur,
533 2447 598 2501 qui
632 2444 771 2487 sactum
804 2445 855 2486 sit
890 2450 935 2486 ut
966 2445 1090 2500 ὁρᾶτε
1119 2456 1190 2498 pro
1226 2442 1346 2520 ὁρᾶτ’
1381 2442 1553 2499 ἐςορᾶτε
1586 2442 1876 2497 relinqueretur,
1910 2448 2022 2497 atque
2056 2441 2210 2487 ἀδίκως
2242 2447 2333 2497 post
2363 2442 2472 2497 prius

108 2514 203 2560 τούς
225 2515 391 2570 positum
420 2526 570 2554 causam
600 2510 715 2552 fuisse
743 2511 871 2556 αἰκῶς
894 2518 984 2566 post
1011 2509 1164 2551 alterum
1191 2507 1288 2553 τούς
1311 2508 1519 2551 omittendi.

604 2575 649 2616 V.
678 2575 770 2621 ciffi.
800 2590 871 2618 ss.:
898 2576 979 2633 πρὸ
1008 2568 1131 2615 τῶνδέ
1158 2572 1220 2614 τοί
1241 2572 1291 2629 μ’
1318 2571 1418 2632 ἔχει,

894 2642 1058 2697 μήποτε,
1082 2637 1241 2694 μήποθ’
1266 2640 1383 2696 ἡμῖν

895 2706 1050 2764 ἀψεγὲς
1073 2705 1221 2747 πελᾶν
1247 2704 1371 2761 τέρας

896 2776 981 2821 τοῖς
1005 2772 1131 2829 δρῶσι
1154 2772 1221 2813 καὶ
1247 2771 1484 2828 συνδρῶσιν.

108 2846 208 2887 Haec
236 2844 349 2886 verba
380 2855 604 2898 quocunque
631 2839 745 2881 modo
773 2838 939 2896 explices
965 2836 1178 2891 difficultate
1204 2836 1393 2886 laborant,
1421 2852 1489 2879 nec
1516 2837 1647 2879 dubito
1675 2839 1766 2892 quin
1795 2845 1975 2893 corrupta
2005 2839 2091 2879 sint.
2122 2837 2359 2893 Legendum:

898 2904 978 2984 πρὸ
1006 2900 1132 2945 τῶνδέ
1159 2901 1222 2944 τοί
1243 2901 1293 2958 μ’
1320 2900 1420 2961 ἔχει,

895 2971 1060 3028 μήποτε,
1085 2967 1246 3027 μήποθ’
1271 2969 1406 3027 ἥκειν

898 3037 1052 3093 ἀψεγὲς
1073 3035 1226 3089 μελαν
1253 3036 1376 3092 τέρας

900 3106 983 3150 τοῖς
1006 3100 1134 3158 δρῶσι
1161 3101 1227 3143 καὶ
1254 3099 1489 3157 συνδρῶσιν.
