2720 3459
148 305 271 360 magis
301 302 405 359 apud
433 303 598 359 tragicos
625 301 753 343 locum
781 303 896 345 habet
926 317 1039 359 quam
1063 302 1250 359 κρέσσων
1278 304 1341 344 Ai.
1363 301 1474 345 635..
1500 298 1624 342 Αδεῖν
1653 315 1739 342 cum
1767 300 1872 358 apud
1899 303 2065 359 tragicos
2086 300 2173 343 alibi
2200 300 2306 357 quod
2329 302 2443 343 seiam
2464 315 2543 342 non

151 369 319 424 legatur
348 368 588 410 scribendum
617 382 774 411 censeo:
2518 392 2525 414 a

821 434 907 476 ἀλλ’
936 434 1017 476 οιδ’
1047 434 1268 492 ἀρέσκοντί
1297 433 1361 479 οἷς
1383 433 1595 488 μάλιστα
1624 432 1682 491 δή
1709 447 1764 487 με
1787 434 1888 492 χρὴ,

151 503 217 541 int.
247 501 448 556 ἀρέσκειν.
478 499 544 540 Sic
573 508 734 556 apparet
760 501 908 555 μάλιστ
932 508 1031 542 recte
1059 501 1239 542 traditum
1267 514 1359 540 esse.

338 578 385 619 V.
404 577 494 621 110.
518 593 569 619 ss.
601 578 698 620 Cum
728 596 762 619 v.
787 579 877 622 112.
905 596 984 621 non
1013 579 1125 620 modo
1153 584 1312 620 metrum
1341 576 1528 619 excidisse
1557 575 1743 632 quaedam
1770 575 2020 626 demonstret,
2050 576 2117 619 sed
2140 577 2251 619 etiam
2272 574 2428 618 verbum
2446 574 2543 617 desit

151 643 252 685 unde
283 643 329 683 ὅν
358 657 390 683 v.
422 642 514 686 110.
543 643 724 699 pendeat,
753 644 999 700 probabiliter
1026 650 1157 701 poetae
1185 656 1319 684 manus
1346 644 1401 683 sic
1428 642 1526 683 mihi·
1549 643 1698 683 restitui
1725 641 1895 683 videtur:

823 710 870 750 ὃν
898 710 971 765 ἐφ’
999 708 1181 764 ἁμετέρᾳ
1208 708 1262 764 γᾷ
1290 706 1538 765 Πολυνείκης
1735 727 1738 730 ’

821 775 970 832 ἀρθεὶς
997 774 1158 818 νεικέων
1186 772 1235 821 ἐξ
1259 772 1497 830 ἀμφιλόγων

823 840 1003 900 ὦρσεν·
1032 844 1199 884 κεῖνος
1225 838 1268 878 δ’
1297 839 1397 886 ὀξέα
1424 839 1581 887 κλάζων
1608 865 1673 880 -.

151 907 223 948 Vel
253 908 394 948 similes
424 908 482 948 vel
511 908 663 949 eaedem
692 924 726 949 v.
761 910 848 950 111.
883 909 1023 949 litterae
1059 907 1241 962 ἀρθεὶς
1274 920 1409 954 vem,
1445 921 1559 949 causa
1587 907 1742 949 suerunt
1769 922 1837 949 cur
1872 921 1970 962 quae
2004 908 2145 948 inserui
2179 903 2315 962 ὦρσεν
2342 905 2471 952 κεῖνος
2501 902 2543 947 δ’

148 974 379 1016 exciderent.
408 974 552 1016 Similis
581 974 741 1017 fortasse
770 974 839 1016 suit
866 988 979 1016 causa
1007 988 1073 1016 cur
1100 984 1136 1015 v,
1163 971 1251 1017 156.
1281 977 1370 1028 post
1390 969 1536 1028 Κρέων
1559 971 1583 1012 ὃ
1606 969 1840 1017 Μενοικέως
1861 970 2036 1030 νεοχμός
2060 972 2297 1012 omitteretur
2325 970 2542 1029 ταχθείς,

150 1038 241 1094 quia
269 1038 308 1078 in
337 1052 395 1095 sq.
427 1052 462 1077 v.
492 1038 564 1077 sub
594 1038 665 1078 hac
692 1052 781 1078 voce
810 1037 1088 1096 συντυχίαις
1112 1042 1211 1085 erat,
1241 1050 1327 1076 cum
1355 1039 1538 1092 seriptum
1566 1037 1720 1077 suisset:
1910 1030 1914 1034 ⁴

819 1106 905 1145 ἀλλ’
933 1105 1005 1146 ὅδε
1034 1105 1113 1158 γὰρ
1143 1103 1193 1160 δὴ
1221 1103 1421 1157 βασιλεὺς
1444 1104 1592 1159 χώρας

817 1168 961 1226 Κρέων
989 1170 1012 1210 ὑ
1039 1167 1270 1215 Μενοικέως
1296 1168 1473 1227 νεοχμὸς
1499 1166 1714 1227 ταχθεὶς

820 1239 1001 1292 νεαραῖσι
1031 1235 1142 1277 θεῶν
1172 1235 1234 1276 ἐπὶ
1263 1235 1506 1293 συντυχίαις.

816 1305 963 1358 χωρεῖ.

156 1367 357 1413 Praeterea
388 1383 421 1408 v.
452 1367 545 1410 211.
577 1383 606 1409 s.
639 1367 837 1423 legendum
865 1374 1001 1424 puto:-

822 1434 885 1474 σοὶ
914 1434 1025 1474 ταῦτ’
1054 1433 1231 1488 ἀρέσκει,
1261 1436 1334 1474 παῖ
1360 1432 1603 1482 Μενοικέως,
1633 1436 1797 1474 ποιεῖν

826 1501 893 1540 τὸν
922 1500 1018 1556 τῇδε
1046 1499 1212 1545 ὃόςνουν
1240 1500 1305 1539 καὶ
1333 1500 1402 1539 τὸν
1430 1498 1580 1555 εὐμενῆ
1610 1498 1733 1539 πόλει.

152 1562 291 1603 Ποιεῖν
321 1579 406 1604 cum
434 1572 595 1619 propter
624 1566 735 1604 πόλει
764 1580 821 1619 sq.
853 1582 885 1606 v.
915 1565 1132 1611 excidisset,
1161 1579 1292 1605 versus
1321 1564 1494 1619 expletus
1523 1578 1606 1604 esse
1635 1563 1784 1605 videtur
1813 1563 1942 1605 addito
1972 1563 2116 1619 Ιιρέον.

335 1651 382 1692 V.
416 1652 506 1695 138.
538 1667 589 1692 s.:
619 1652 735 1699 Quod
763 1660 852 1708 post
882 1653 1111 1695 Boeckhium
1141 1653 1282 1694 editur:

824 1718 937 1775 εἶχε
966 1718 1007 1759 δ’
1036 1718 1158 1774 ἄλλᾳ
1187 1718 1240 1759 τὰ
1265 1718 1370 1772 μέν,

820 1782 920 1824 ἄλλα
949 1783 989 1823 δ’
1018 1783 1082 1823 ἐπ’
1111 1782 1240 1827 ἄλλοις
1269 1783 1458 1837 ἐπενώαα
1485 1798 1615 1839 στοφε
1594 1783 1734 1831 ελίζων
1759 1783 1894 1837 μέγας
1912 1781 2033 1840 Ἄρης

825 1848 1087 1906 δεξιόσειρος,

151 1919 189 1954 et
216 1922 374 1967 propter
393 1917 558 1955 ieiunam
579 1918 803 1956 sententiam
831 1931 866 1956 v.
892 1917 990 1964 138,
1019 1922 1056 1957 et
1081 1924 1238 1969 propter
1265 1917 1491 1970 productum
1518 1916 1593 1969 μέν
1622 1931 1680 1957 me
1708 1916 1804 1958 male
1833 1915 1957 1957 habet.
1985 1916 2148 1972 Egregie
2168 1916 2366 1972 Kayserus
2389 1917 2545 1957 coniecit

151 1975 250 2035 ἔσχε
278 1978 319 2018 δ’
347 1972 432 2035 ᾆὸα
459 1979 620 2037 λαγόν,
628 1978 743 2021 modo
773 1979 963 2021 scribatur
992 1978 1087 2029 εἷλε,

954 2045 1037 2086 εἷλε
1066 2044 1109 2085 δ’
1137 2041 1220 2101 {iffa
1245 2045 1384 2102 λαχάν.

150 2110 239 2151 Non
258 2111 413 2152 Thebas
442 2126 538 2167 quas
566 2113 740 2161 volebat,
770 2113 972 2168 Capaneus
1000 2114 1115 2168 cepit,
1145 2111 1211 2152 sed
1239 2105 1322 2167 ᾇὸα
1347 2110 1486 2169 λαχάν.
1514 2111 1579 2153 sic
1599 2112 1738 2153 Aeseh.
1761 2111 1867 2168 Sept.
1886 2111 1981 2156 889.
2011 2112 2152 2167 τάφων
2181 2108 2385 2167 πατρῴων
2413 2111 2543 2169 λαχαί.

150 2175 688 2218 ΔἈΙΔΑΛΑΧΑΝΑΛΛΑΔ’
717 2178 863 2219 litterae
892 2177 999 2218 facile
1028 2191 1195 2218 errorem
1225 2177 1358 2218 afferre
1386 2183 1602 2232 potuerunt.

687 2264 734 2309 V.
767 2264 858 2311 150.
888 2281 937 2309 s:
968 2263 1014 2308 ἐκ
1040 2264 1118 2322 μὲν
1148 2263 1198 2323 δὴ
1228 2262 1411 2321 πολέμων

970 2335 1051 2373 τῶν
1080 2333 1150 2372 νῦν
1178 2330 1311 2371 θέσθε
1338 2332 1667 2387 λησμοσύναν.

153 2398 414 2440 Hermannus:
443 2414 487 2439 ea·
514 2403 610 2440 hisce
633 2404 786 2452 proeliis
815 2414 888 2440 tam
916 2404 1036 2452 capite
1061 2402 1279 2447 oblivionem,
1310 2398 1374 2438 int.
1404 2412 1582 2447 eorum,
1610 2411 1721 2453 quem
1740 2396 2054 2438 Schneidewinus
2081 2403 2231 2439 secutus
2252 2403 2319 2440 est.
2349 2398 2405 2440 At
2424 2400 2543 2441 victo-

155 2464 233 2506 riae
260 2479 336 2521 qua
364 2480 464 2507 nunc
492 2464 662 2522 gaudent
688 2464 803 2507 modo
832 2467 1023 2507 mentione
1052 2463 1152 2506 faeta
1180 2479 1257 2505 non
1285 2470 1384 2506 recte
1412 2462 1599 2519 πολέμων
1627 2466 1707 2505 τῶν
1736 2464 1804 2505 νῦν
1835 2462 1991 2514 dieitur3
2018 2465 2097 2506 vitii
2127 2470 2251 2507 autem
2280 2465 2458 2508 indicium
2486 2472 2545 2508 est

153 2536 332 2577 metrum,
370 2547 454 2572 cum
484 2532 591 2573 brevi·
616 2532 723 2574 alteri
752 2532 858 2574 verbi
886 2531 1021 2574 θέσθε
1050 2531 1221 2589 syllabae
1250 2533 1289 2572 in
1317 2531 1475 2586 stropha
1511 2546 1545 2571 v.
1577 2530 1667 2574 137.
1698 2530 1813 2585 longa
1842 2530 1989 2586 syllaba
2017 2531 2255 2587 respondeat.
2312 2530 2390 2575 Nec
2418 2540 2544 2575 tamen

109 2644 112 2647 ⁴
154 2593 288 2637 θέσθε
316 2611 400 2638 cum
430 2597 612 2639 Triclinio
642 2600 681 2639 in
710 2596 863 2640 θέσθαι
891 2597 1233 2647 mutandum‚.sed
1261 2596 1519 2639 scribendum:

954 2665 1000 2707 ἐκ
1026 2665 1105 2720 μὲν
1133 2663 1184 2722 δὴ
1214 2662 1403 2718 πολέμων

951 2733 1031 2772 τῶν
1061 2732 1131 2772 νῦν
1158 2728 1294 2771 θέσθε
1317 2728 1654 2787 μνημοσύναν,

155 2810 200 2836 ex
216 2799 367 2847 proeliis
387 2799 457 2836 iam
475 2801 680 2847 praesentia
699 2806 909 2846 mementote,
940 2799 1117 2839 victoriae
1148 2796 1344 2844 laetitiamg
1373 2795 1510 2850 quibus
1539 2798 1730 2851 aptissime
1758 2798 2024 2841 subiiciunture
2054 2798 2166 2841 θεῶν
2187 2799 2234 2840 δὲ
2256 2799 2381 2845 ναοὺς
2395 2803 2545 2856 χοροῖς

155 2860 390 2916 παννυχίοις
414 2861 560 2905 πάντες
587 2861 835 2916 ἐπέλθωμεν.

336 2936 385 2977 V.
414 2935 507 2980 233.
537 2950 586 2977 s.:
615 2936 831 2993 Legendum
861 2939 1030 2983 videtur:

818 3005 934 3052 τέλος
958 3022 1007 3060 γε
1032 3006 1171 3061 μέντοι
1198 3005 1320 3062 δεῦρ’
1347 3004 1528 3061 ἐνίκησεν
1552 3004 1704 3059 μολεῖν,

818 3072 896 3121 σοι’,
924 3073 986 3114 κεῖ
1013 3073 1059 3113 τὸ
1086 3071 1217 3129 μηδὲν
1245 3070 1396 3127 ἐξερῶ,
1426 3070 1684 3124 φράσονθ’
1712 3072 1836 3126 ὅμως.

160 3132 288 3191 Vulgo
319 3133 472 3190 φράσω
502 3132 557 3180 δ’,
588 3148 663 3189 quo
694 3134 859 3177 admisso
888 3152 955 3179 nee
983 3139 1049 3179 σοι’
1075 3150 1147 3180 suo
1176 3137 1260 3180 loeo
1289 3142 1347 3179 est
1373 3137 1559 3193 positum,
1587 3150 1656 3179 nee
1683 3135 1746 3186 δές
1775 3144 1811 3180 et
1831 3141 1864 3181 si
1890 3138 1958 3181 σοι’
1982 3153 2067 3182 cum
2088 3137 2398 3195 praecedentibus
2417 3137 2541 3181 verbis
