<?xml version="1.0" encoding="UTF-8"?>
<!DOCTYPE html PUBLIC "-//W3C//DTD XHTML 1.0 Transitional//EN"
    "http://www.w3.org/TR/xhtml1/DTD/xhtml1-transitional.dtd">
<html xmlns="http://www.w3.org/1999/xhtml" xml:lang="en" lang="en">
 <head>
  <title>
</title>
<meta http-equiv="Content-Type" content="text/html;charset=utf-8" />
  <meta name='ocr-system' content='tesseract 3.04.00' />
  <meta name='ocr-capabilities' content='ocr_page ocr_carea ocr_par ocr_line ocrx_word'/>
</head>
<body>
  <div class='ocr_page' id='page_1' title='image "4770942_0041.png"; bbox 0 0 2720 3459; ppageno 0'>
   <div class='ocr_carea' id='block_1_1' title="bbox 1270 158 1332 207">
    <p class='ocr_par' dir='ltr' id='par_1_1' title="bbox 1270 158 1332 207">
     <span class='ocr_line' id='line_1_1' title="bbox 1270 158 1332 207; baseline 0 0"><span class='ocrx_word' id='word_1_1' title='bbox 1270 158 1332 207; x_wconf 78' lang='lat'>31</span> 
     </span>
    </p>
   </div>
   <div class='ocr_carea' id='block_1_2' title="bbox 116 307 2483 643">
    <p class='ocr_par' dir='ltr' id='par_1_2' title="bbox 116 307 2483 496">
     <span class='ocr_line' id='line_1_2' title="bbox 116 307 2481 366; baseline -0.003 -12"><span class='ocrx_word' id='word_1_2' title='bbox 116 309 313 354; x_wconf 76' lang='lat' dir='ltr'>Nauekius</span> <span class='ocrx_word' id='word_1_3' title='bbox 339 309 473 349; x_wconf 88' lang='lat' dir='ltr'>merito</span> <span class='ocrx_word' id='word_1_4' title='bbox 499 323 643 366; x_wconf 80' lang='lat' dir='ltr'>negans</span> <span class='ocrx_word' id='word_1_5' title='bbox 669 315 767 351; x_wconf 87' lang='lat' dir='ltr'>reete</span> <span class='ocrx_word' id='word_1_6' title='bbox 789 309 879 352; x_wconf 84' lang='lat' dir='ltr'>diei:</span> <span class='ocrx_word' id='word_1_7' title='bbox 906 315 1075 364; x_wconf 72' lang='lat' dir='ltr'>quoniam</span> <span class='ocrx_word' id='word_1_8' title='bbox 1101 314 1289 363; x_wconf 60' lang='lat' dir='ltr'>manffeeta</span> <span class='ocrx_word' id='word_1_9' title='bbox 1315 312 1430 351; x_wconf 74' lang='lat' dir='ltr'><strong><em>colari</em></strong></span> <span class='ocrx_word' id='word_1_10' title='bbox 1454 317 1641 361; x_wconf 74' lang='lat' dir='ltr'>nequeunt,</span> <span class='ocrx_word' id='word_1_11' title='bbox 1667 311 1857 356; x_wconf 68' lang='lat' dir='ltr'>absconde,</span> <span class='ocrx_word' id='word_1_12' title='bbox 1883 307 2042 362; x_wconf 75' lang='grc' dir='ltr'><em>κρύφον</em></span> <span class='ocrx_word' id='word_1_13' title='bbox 2063 309 2243 348; x_wconf 83' lang='lat' dir='ltr'>vitiosum</span> <span class='ocrx_word' id='word_1_14' title='bbox 2262 321 2345 348; x_wconf 84' lang='lat' dir='ltr'>esse</span> <span class='ocrx_word' id='word_1_15' title='bbox 2361 313 2481 362; x_wconf 71' lang='lat' dir='ltr'>putat.</span> 
     </span>
     <span class='ocr_line' id='line_1_3' title="bbox 116 368 2483 433; baseline -0.002 -15"><span class='ocrx_word' id='word_1_16' title='bbox 116 375 214 419; x_wconf 87' lang='lat' dir='ltr'>Mihi</span> <span class='ocrx_word' id='word_1_17' title='bbox 249 375 381 416; x_wconf 85' lang='lat' dir='ltr'>vitium</span> <span class='ocrx_word' id='word_1_18' title='bbox 417 375 455 415; x_wconf 88' lang='lat' dir='ltr'>in</span> <span class='ocrx_word' id='word_1_19' title='bbox 490 373 539 415; x_wconf 86' lang='grc' dir='ltr'><em>ου’</em></span> <span class='ocrx_word' id='word_1_20' title='bbox 574 374 654 431; x_wconf 89' lang='grc' dir='ltr'>γάρ</span> <span class='ocrx_word' id='word_1_21' title='bbox 692 388 774 417; x_wconf 88' lang='lat' dir='ltr'>esse</span> <span class='ocrx_word' id='word_1_22' title='bbox 807 375 956 419; x_wconf 86' lang='lat' dir='ltr'>videtur</span> <span class='ocrx_word' id='word_1_23' title='bbox 990 375 1322 433; x_wconf 82' lang='lat' dir='ltr'>seribendumque=</span> <span class='ocrx_word' id='word_1_24' title='bbox 1366 372 1456 416; x_wconf 79' lang='grc' dir='ltr'><em>ἀλλ’</em></span> <span class='ocrx_word' id='word_1_25' title='bbox 1489 369 1631 430; x_wconf 82' lang='grc' dir='ltr'><em>εἴπερ</em></span> <span class='ocrx_word' id='word_1_26' title='bbox 1667 377 1734 415; x_wconf 79' lang='lat' dir='ltr'>aut</span> <span class='ocrx_word' id='word_1_27' title='bbox 1766 372 1904 414; x_wconf 90' lang='lat' dir='ltr'>minori</span> <span class='ocrx_word' id='word_1_28' title='bbox 1938 372 2142 415; x_wconf 76' lang='lat' dir='ltr'>mutatione</span> <span class='ocrx_word' id='word_1_29' title='bbox 2180 370 2224 414; x_wconf 75' lang='lat' dir='ltr'>el</span> <span class='ocrx_word' id='word_1_30' title='bbox 2263 370 2357 428; x_wconf 84' lang='grc' dir='ltr'>γὰρ</span> <span class='ocrx_word' id='word_1_31' title='bbox 2399 368 2483 413; x_wconf 81' lang='grc' dir='ltr'><em>ἔστι</em></span> 
     </span>
     <span class='ocr_line' id='line_1_4' title="bbox 116 438 532 496; baseline -0.007 -14"><span class='ocrx_word' id='word_1_32' title='bbox 116 441 307 496; x_wconf 80' lang='grc' dir='ltr'><em>τάμφανῆ</em></span> <span class='ocrx_word' id='word_1_33' title='bbox 334 438 532 495; x_wconf 84' lang='grc' dir='ltr'><em>κρύπτειν.</em></span> 
     </span>
    </p>

    <p class='ocr_par' dir='ltr' id='par_1_3' title="bbox 118 508 2483 643">
     <span class='ocr_line' id='line_1_5' title="bbox 292 508 2481 574; baseline -0.001 -18"><span class='ocrx_word' id='word_1_34' title='bbox 292 514 341 557; x_wconf 92' lang='lat' dir='ltr'>V.</span> <span class='ocrx_word' id='word_1_35' title='bbox 363 515 481 559; x_wconf 86' lang='lat'><strong>1221.</strong></span> <span class='ocrx_word' id='word_1_36' title='bbox 504 530 554 557; x_wconf 94' lang='lat' dir='ltr'>ss.</span> <span class='ocrx_word' id='word_1_37' title='bbox 581 515 855 573; x_wconf 80' lang='lat' dir='ltr'>Antistropbae</span> <span class='ocrx_word' id='word_1_38' title='bbox 880 533 1197 574; x_wconf 75' lang='lat' dir='ltr'><strong>numerorumque</strong></span> <span class='ocrx_word' id='word_1_39' title='bbox 1225 517 1637 574; x_wconf 80' lang='lat' dir='ltr'>aequalitatis-ratione</span> <span class='ocrx_word' id='word_1_40' title='bbox 1664 515 1793 556; x_wconf 81' lang='lat' dir='ltr'>habita</span> <span class='ocrx_word' id='word_1_41' title='bbox 1817 514 1934 555; x_wconf 79' lang='lat' dir='ltr'>verba</span> <span class='ocrx_word' id='word_1_42' title='bbox 1952 508 2085 559; x_wconf 73' lang='grc' dir='ltr'><em>Ἀϊδος</em></span> <span class='ocrx_word' id='word_1_43' title='bbox 2101 515 2170 555; x_wconf 80' lang='grc' dir='ltr'><em>ὅτε</em></span> <span class='ocrx_word' id='word_1_44' title='bbox 2195 514 2314 569; x_wconf 80' lang='grc' dir='ltr'><em>μοῖρ’</em></span> <span class='ocrx_word' id='word_1_45' title='bbox 2338 513 2481 567; x_wconf 79' lang='grc' dir='ltr'><em>ἀνυμέ-</em></span> 
     </span>
     <span class='ocr_line' id='line_1_6' title="bbox 118 578 2483 643; baseline -0.001 -18"><span class='ocrx_word' id='word_1_46' title='bbox 118 595 246 634; x_wconf 87' lang='grc' dir='ltr'><em>ναιος,</em></span> <span class='ocrx_word' id='word_1_47' title='bbox 274 578 446 639; x_wconf 73' lang='grc' dir='ltr'><em>α’λυρος,</em></span> <span class='ocrx_word' id='word_1_48' title='bbox 475 578 633 642; x_wconf 79' lang='grc' dir='ltr'><em>ἅχορος</em></span> <span class='ocrx_word' id='word_1_49' title='bbox 656 581 937 641; x_wconf 82' lang='lat' dir='ltr'>transponenda</span> <span class='ocrx_word' id='word_1_50' title='bbox 954 583 1141 638; x_wconf 82' lang='lat' dir='ltr'>videntur,</span> <span class='ocrx_word' id='word_1_51' title='bbox 1168 583 1272 643; x_wconf 88' lang='lat' dir='ltr'>quod</span> <span class='ocrx_word' id='word_1_52' title='bbox 1301 598 1379 642; x_wconf 88' lang='lat' dir='ltr'>quo</span> <span class='ocrx_word' id='word_1_53' title='bbox 1407 581 1553 627; x_wconf 81' lang='lat' dir='ltr'>facilius</span> <span class='ocrx_word' id='word_1_54' title='bbox 1580 587 1680 626; x_wconf 85' lang='lat' dir='ltr'>reete</span> <span class='ocrx_word' id='word_1_55' title='bbox 1706 579 1788 625; x_wconf 84' lang='lat' dir='ltr'>fieri</span> <span class='ocrx_word' id='word_1_56' title='bbox 1814 578 2056 639; x_wconf 77' lang='lat' dir='ltr'>intelligatur,</span> <span class='ocrx_word' id='word_1_57' title='bbox 2084 579 2354 638; x_wconf 82' lang='lat' dir='ltr'>antistrophica</span> <span class='ocrx_word' id='word_1_58' title='bbox 2373 580 2483 622; x_wconf 71' lang='lat' dir='ltr'>iuxta</span> 
     </span>
    </p>
   </div>
   <div class='ocr_carea' id='block_1_3' title="bbox 117 661 2314 924">
    <p class='ocr_par' dir='ltr' id='par_1_4' title="bbox 117 661 2314 924">
     <span class='ocr_line' id='line_1_7' title="bbox 117 661 2314 761; baseline 0 -19"><span class='ocrx_word' id='word_1_59' title='bbox 117 661 323 704; x_wconf 50' lang='lat' dir='ltr'><strong>apponam</strong></span> <span class='ocrx_word' id='word_1_60' title='bbox 435 701 458 743; x_wconf 85' lang='grc' dir='ltr'><em>ὃ</em></span> <span class='ocrx_word' id='word_1_61' title='bbox 487 700 530 743; x_wconf 87' lang='grc' dir='ltr'>δ’</span> <span class='ocrx_word' id='word_1_62' title='bbox 558 696 774 761; x_wconf 61' lang='grc' dir='ltr'><em>ἐπίκουρος</em></span> <span class='ocrx_word' id='word_1_63' title='bbox 799 702 1055 759; x_wconf 82' lang='grc' dir='ltr'><em>ἷσοτέλεστος,</em></span> <span class='ocrx_word' id='word_1_64' title='bbox 1635 701 1685 746; x_wconf 91' lang='grc' dir='ltr'><em>τό</em></span> <span class='ocrx_word' id='word_1_65' title='bbox 1707 717 1750 745; x_wconf 86' lang='grc' dir='ltr'><em>τε</em></span> <span class='ocrx_word' id='word_1_66' title='bbox 1776 700 2059 758; x_wconf 84' lang='grc' dir='ltr'><em>κατάμεμπτον</em></span> <span class='ocrx_word' id='word_1_67' title='bbox 2086 698 2314 760; x_wconf 75' lang='grc' dir='ltr'><em>ἐπιλέλογχε</em></span> 
     </span>
     <span class='ocr_line' id='line_1_8' title="bbox 247 768 2161 838; baseline -0.001 -18"><span class='ocrx_word' id='word_1_68' title='bbox 247 778 418 835; x_wconf 76' lang='grc' dir='ltr'><em>ἄλυρος,</em></span> <span class='ocrx_word' id='word_1_69' title='bbox 448 768 635 838; x_wconf 76' lang='grc' dir='ltr'><em>ἅχορος,</em></span> <span class='ocrx_word' id='word_1_70' title='bbox 663 775 909 837; x_wconf 82' lang='grc' dir='ltr'><em>ἀνυμέναιος</em></span> <span class='ocrx_word' id='word_1_71' title='bbox 1447 779 1635 837; x_wconf 83' lang='grc' dir='ltr'><em>πύματον</em></span> <span class='ocrx_word' id='word_1_72' title='bbox 1663 773 1853 838; x_wconf 76' lang='grc' dir='ltr'><em>ἀκρατὲς</em></span> <span class='ocrx_word' id='word_1_73' title='bbox 1885 773 2161 837; x_wconf 80' lang='grc' dir='ltr'><em>ἀπροςόμιλον</em></span> 
     </span>
     <span class='ocr_line' id='line_1_9' title="bbox 245 851 2218 924; baseline 0.001 -23"><span class='ocrx_word' id='word_1_74' title='bbox 245 857 373 919; x_wconf 80' lang='grc' dir='ltr'><em>μοῖρ’</em></span> <span class='ocrx_word' id='word_1_75' title='bbox 399 861 463 902; x_wconf 80' lang='grc' dir='ltr'><em>ὅτ’</em></span> <span class='ocrx_word' id='word_1_76' title='bbox 485 851 659 913; x_wconf 64' lang='grc' dir='ltr'>ο’Ἄϊδος</span> <span class='ocrx_word' id='word_1_77' title='bbox 685 855 961 921; x_wconf 78' lang='grc' dir='ltr'><em>ἀναπέφηνε,</em></span> <span class='ocrx_word' id='word_1_78' title='bbox 988 888 1056 905; x_wconf 87' lang='grc'><strong>-.</strong></span> <span class='ocrx_word' id='word_1_79' title='bbox 1445 864 1596 924; x_wconf 61' lang='grc' dir='ltr'>’γῆρας</span> <span class='ocrx_word' id='word_1_80' title='bbox 1621 851 1797 918; x_wconf 67' lang='grc' dir='ltr'><em>ἄφιλον,</em></span> <span class='ocrx_word' id='word_1_81' title='bbox 1825 860 1909 904; x_wconf 64' lang='grc' dir='ltr'>ἵνα</span> <span class='ocrx_word' id='word_1_82' title='bbox 1940 861 2179 918; x_wconf 80' lang='grc' dir='ltr'><em>πρόπαντα.</em></span> <span class='ocrx_word' id='word_1_83' title='bbox 2216 906 2218 909; x_wconf 52' lang='grc'>,</span> 
     </span>
    </p>
   </div>
   <div class='ocr_carea' id='block_1_4' title="bbox 116 953 2486 1603">
    <p class='ocr_par' dir='ltr' id='par_1_5' title="bbox 116 953 2486 1603">
     <span class='ocr_line' id='line_1_10' title="bbox 293 953 2482 1014; baseline 0 -20"><span class='ocrx_word' id='word_1_84' title='bbox 293 953 342 995; x_wconf 88' lang='lat' dir='ltr'>V.</span> <span class='ocrx_word' id='word_1_85' title='bbox 359 954 474 998; x_wconf 84' lang='lat'><strong>1305.</strong></span> <span class='ocrx_word' id='word_1_86' title='bbox 497 954 696 1011; x_wconf 75' lang='lat' dir='ltr'><strong>Polynices</strong></span> <span class='ocrx_word' id='word_1_87' title='bbox 711 968 794 997; x_wconf 83' lang='lat' dir='ltr'>cum</span> <span class='ocrx_word' id='word_1_88' title='bbox 808 955 901 997; x_wconf 86' lang='lat' dir='ltr'><strong>nihil</strong></span> <span class='ocrx_word' id='word_1_89' title='bbox 921 955 1045 999; x_wconf 82' lang='lat' dir='ltr'>adhue</span> <span class='ocrx_word' id='word_1_90' title='bbox 1061 956 1108 999; x_wconf 89' lang='lat' dir='ltr'>de</span> <span class='ocrx_word' id='word_1_91' title='bbox 1127 957 1296 999; x_wconf 80' lang='lat' dir='ltr'>exercitu</span> <span class='ocrx_word' id='word_1_92' title='bbox 1314 956 1471 1007; x_wconf 81' lang='lat' dir='ltr'>dixerit,</span> <span class='ocrx_word' id='word_1_93' title='bbox 1490 971 1569 999; x_wconf 91' lang='lat' dir='ltr'>non</span> <span class='ocrx_word' id='word_1_94' title='bbox 1587 956 1757 1014; x_wconf 78' lang='lat' dir='ltr'>intelligo</span> <span class='ocrx_word' id='word_1_95' title='bbox 1779 954 1872 1012; x_wconf 85' lang='lat' dir='ltr'>quid</span> <span class='ocrx_word' id='word_1_96' title='bbox 1892 955 2073 998; x_wconf 77' lang='lat' dir='ltr'>articulus</span> <span class='ocrx_word' id='word_1_97' title='bbox 2091 954 2164 998; x_wconf 86' lang='lat' dir='ltr'>sibi</span> <span class='ocrx_word' id='word_1_98' title='bbox 2181 954 2271 997; x_wconf 81' lang='lat' dir='ltr'>velit</span> <span class='ocrx_word' id='word_1_99' title='bbox 2284 957 2325 997; x_wconf 92' lang='lat' dir='ltr'>in</span> <span class='ocrx_word' id='word_1_100' title='bbox 2343 953 2482 998; x_wconf 79' lang='lat' dir='ltr'>verbis:</span> 
     </span>
     <span class='ocr_line' id='line_1_11' title="bbox 836 1021 1739 1081; baseline 0.002 -18"><span class='ocrx_word' id='word_1_101' title='bbox 836 1022 951 1068; x_wconf 81' lang='grc' dir='ltr'><em>ὅπως</em></span> <span class='ocrx_word' id='word_1_102' title='bbox 975 1022 1056 1064; x_wconf 87' lang='grc' dir='ltr'>τὸν</span> <span class='ocrx_word' id='word_1_103' title='bbox 1082 1022 1328 1081; x_wconf 75' lang='grc' dir='ltr'><em>ἐπι-ἄλογχον</em></span> <span class='ocrx_word' id='word_1_104' title='bbox 1356 1021 1404 1069; x_wconf 82' lang='grc' dir='ltr'>ἐς</span> <span class='ocrx_word' id='word_1_105' title='bbox 1431 1023 1575 1081; x_wconf 81' lang='grc' dir='ltr'><em>Θήβας</em></span> <span class='ocrx_word' id='word_1_106' title='bbox 1598 1023 1739 1065; x_wconf 82' lang='grc' dir='ltr'><em>στόλον</em></span> 
     </span>
     <span class='ocr_line' id='line_1_12' title="bbox 836 1086 1734 1147; baseline 0.003 -19"><span class='ocrx_word' id='word_1_107' title='bbox 836 1086 908 1135; x_wconf 66' lang='grc' dir='ltr'><em>ξὺν</em></span> <span class='ocrx_word' id='word_1_108' title='bbox 934 1086 1063 1136; x_wconf 78' lang='grc' dir='ltr'><em>τοῖςδ’</em></span> <span class='ocrx_word' id='word_1_109' title='bbox 1090 1087 1261 1144; x_wconf 78' lang='grc' dir='ltr'><strong><em>ἀγείρας</em></strong></span> <span class='ocrx_word' id='word_1_110' title='bbox 1283 1087 1310 1147; x_wconf 75' lang='grc' dir='ltr'>ἦ</span> <span class='ocrx_word' id='word_1_111' title='bbox 1338 1086 1503 1144; x_wconf 70' lang='grc' dir='ltr'><em>θάνοιμι</em></span> <span class='ocrx_word' id='word_1_112' title='bbox 1530 1088 1734 1135; x_wconf 76' lang='grc' dir='ltr'><em>πανδίκως</em></span> 
     </span>
     <span class='ocr_line' id='line_1_13' title="bbox 835 1152 1764 1213; baseline 0.002 -18"><span class='ocrx_word' id='word_1_113' title='bbox 835 1152 862 1211; x_wconf 74' lang='grc' dir='ltr'><strong><em>ἢ</em></strong></span> <span class='ocrx_word' id='word_1_114' title='bbox 891 1153 988 1199; x_wconf 83' lang='grc' dir='ltr'><em>τοὺς</em></span> <span class='ocrx_word' id='word_1_115' title='bbox 1013 1152 1109 1195; x_wconf 84' lang='grc' dir='ltr'><em>τάδ’</em></span> <span class='ocrx_word' id='word_1_116' title='bbox 1136 1152 1413 1210; x_wconf 74' lang='grc' dir='ltr'><em>ἐκπράέαντας</em></span> <span class='ocrx_word' id='word_1_117' title='bbox 1437 1154 1649 1210; x_wconf 81' lang='grc' dir='ltr'><em>ἐκβάλοιμι</em></span> <span class='ocrx_word' id='word_1_118' title='bbox 1676 1158 1764 1213; x_wconf 59' lang='grc' dir='ltr'>γῆς.</span> 
     </span>
     <span class='ocr_line' id='line_1_14' title="bbox 118 1217 2486 1277; baseline -0.001 -16"><span class='ocrx_word' id='word_1_119' title='bbox 118 1220 249 1275; x_wconf 82' lang='lat' dir='ltr'>ltaque</span> <span class='ocrx_word' id='word_1_120' title='bbox 274 1219 410 1265; x_wconf 85' lang='grc' dir='ltr'><em>ὅπως</em></span> <span class='ocrx_word' id='word_1_121' title='bbox 430 1217 461 1260; x_wconf 82' lang='grc' dir='ltr'><em>ἄ</em></span> <span class='ocrx_word' id='word_1_122' title='bbox 467 1233 487 1259; x_wconf 90' lang='grc' dir='ltr'><em>ν</em></span> <span class='ocrx_word' id='word_1_123' title='bbox 506 1218 742 1261; x_wconf 84' lang='lat' dir='ltr'>scribendum</span> <span class='ocrx_word' id='word_1_124' title='bbox 762 1218 846 1267; x_wconf 79' lang='lat' dir='ltr'><strong>(cfr.</strong></span> <span class='ocrx_word' id='word_1_125' title='bbox 861 1218 1000 1261; x_wconf 81' lang='lat' dir='ltr'>Matth.</span> <span class='ocrx_word' id='word_1_126' title='bbox 1023 1218 1090 1262; x_wconf 89' lang='lat' dir='ltr'>Gr.</span> <span class='ocrx_word' id='word_1_127' title='bbox 1110 1219 1147 1274; x_wconf 68' lang='lat'>§-</span> <span class='ocrx_word' id='word_1_128' title='bbox 1164 1218 1256 1263; x_wconf 86' lang='lat'><strong>520.</strong></span> <span class='ocrx_word' id='word_1_129' title='bbox 1276 1233 1314 1261; x_wconf 87' lang='lat' dir='ltr'>n.</span> <span class='ocrx_word' id='word_1_130' title='bbox 1335 1219 1374 1263; x_wconf 88' lang='lat'>2.</span> <span class='ocrx_word' id='word_1_131' title='bbox 1390 1233 1429 1276; x_wconf 90' lang='lat' dir='ltr'>p.</span> <span class='ocrx_word' id='word_1_132' title='bbox 1446 1219 1562 1264; x_wconf 85' lang='grc'><strong>1191.</strong></span> <span class='ocrx_word' id='word_1_133' title='bbox 1582 1219 1641 1262; x_wconf 89' lang='lat' dir='ltr'>ed.</span> <span class='ocrx_word' id='word_1_134' title='bbox 1662 1219 1731 1274; x_wconf 89' lang='lat'><strong>3.).</strong></span> <span class='ocrx_word' id='word_1_135' title='bbox 1756 1219 1834 1263; x_wconf 89' lang='lat' dir='ltr'>Sed</span> <span class='ocrx_word' id='word_1_136' title='bbox 1854 1233 1940 1262; x_wconf 83' lang='lat' dir='ltr'>cum</span> <span class='ocrx_word' id='word_1_137' title='bbox 1960 1218 2059 1261; x_wconf 82' lang='lat' dir='ltr'>infra</span> <span class='ocrx_word' id='word_1_138' title='bbox 2078 1232 2140 1260; x_wconf 83' lang='lat' dir='ltr'>vv.</span> <span class='ocrx_word' id='word_1_139' title='bbox 2159 1217 2275 1263; x_wconf 90' lang='grc'><strong>1311.</strong></span> <span class='ocrx_word' id='word_1_140' title='bbox 2297 1218 2486 1277; x_wconf 62' lang='lat' dir='ltr'>legumus:</span> 
     </span>
     <span class='ocr_line' id='line_1_15' title="bbox 837 1283 1683 1333; baseline 0.004 -8"><span class='ocrx_word' id='word_1_141' title='bbox 837 1284 877 1325; x_wconf 77' lang='grc' dir='ltr'><em>οἳ</em></span> <span class='ocrx_word' id='word_1_142' title='bbox 905 1286 974 1325; x_wconf 88' lang='grc' dir='ltr'>νῦν</span> <span class='ocrx_word' id='word_1_143' title='bbox 1000 1283 1075 1326; x_wconf 80' lang='grc' dir='ltr'><em>σὺν</em></span> <span class='ocrx_word' id='word_1_144' title='bbox 1102 1284 1203 1326; x_wconf 81' lang='grc' dir='ltr'><em>ἑπτὰ</em></span> <span class='ocrx_word' id='word_1_145' title='bbox 1229 1286 1385 1333; x_wconf 72' lang='grc' dir='ltr'><em>τάξεσιν</em></span> <span class='ocrx_word' id='word_1_146' title='bbox 1410 1284 1484 1327; x_wconf 85' lang='grc' dir='ltr'><em>σὺν</em></span> <span class='ocrx_word' id='word_1_147' title='bbox 1511 1286 1614 1327; x_wconf 85' lang='grc' dir='ltr'><em>ἑπτά</em></span> <span class='ocrx_word' id='word_1_148' title='bbox 1640 1300 1683 1328; x_wconf 83' lang='grc' dir='ltr'><em>τε</em></span> 
     </span>
     <span class='ocr_line' id='line_1_16' title="bbox 838 1349 1781 1408; baseline 0.004 -18"><span class='ocrx_word' id='word_1_149' title='bbox 838 1349 1003 1407; x_wconf 76' lang='grc' dir='ltr'><em>λόγχαις</em></span> <span class='ocrx_word' id='word_1_150' title='bbox 1028 1349 1073 1391; x_wconf 86' lang='grc' dir='ltr'><em>τὸ</em></span> <span class='ocrx_word' id='word_1_151' title='bbox 1106 1349 1247 1408; x_wconf 77' lang='grc' dir='ltr'><em>Θήβης</em></span> <span class='ocrx_word' id='word_1_152' title='bbox 1270 1349 1407 1392; x_wconf 81' lang='grc' dir='ltr'><em>πεδίον</em></span> <span class='ocrx_word' id='word_1_153' title='bbox 1433 1350 1664 1407; x_wconf 82' lang='grc' dir='ltr'><em>ἀμφεστᾶσι</em></span> <span class='ocrx_word' id='word_1_154' title='bbox 1690 1354 1781 1403; x_wconf 83' lang='grc' dir='ltr'><em>πᾶν,</em></span> 
     </span>
     <span class='ocr_line' id='line_1_17' title="bbox 117 1414 2486 1472; baseline 0 -15"><span class='ocrx_word' id='word_1_155' title='bbox 117 1418 282 1472; x_wconf 85' lang='lat' dir='ltr'>suspicio</span> <span class='ocrx_word' id='word_1_156' title='bbox 303 1418 395 1457; x_wconf 89' lang='lat' dir='ltr'>oriri</span> <span class='ocrx_word' id='word_1_157' title='bbox 416 1414 561 1471; x_wconf 82' lang='lat' dir='ltr'>potest,</span> <span class='ocrx_word' id='word_1_158' title='bbox 590 1421 657 1457; x_wconf 84' lang='lat' dir='ltr'>aut</span> <span class='ocrx_word' id='word_1_159' title='bbox 677 1421 756 1457; x_wconf 87' lang='lat' dir='ltr'>tres</span> <span class='ocrx_word' id='word_1_160' title='bbox 775 1415 860 1456; x_wconf 88' lang='lat' dir='ltr'>illos</span> <span class='ocrx_word' id='word_1_161' title='bbox 880 1428 1030 1463; x_wconf 81' lang='lat' dir='ltr'>versus,</span> <span class='ocrx_word' id='word_1_162' title='bbox 1057 1420 1125 1456; x_wconf 86' lang='lat' dir='ltr'>aut</span> <span class='ocrx_word' id='word_1_163' title='bbox 1150 1415 1222 1456; x_wconf 90' lang='lat' dir='ltr'>hos</span> <span class='ocrx_word' id='word_1_164' title='bbox 1249 1414 1327 1456; x_wconf 90' lang='lat' dir='ltr'>duo</span> <span class='ocrx_word' id='word_1_165' title='bbox 1355 1415 1402 1456; x_wconf 77' lang='lat' dir='ltr'>ab</span> <span class='ocrx_word' id='word_1_166' title='bbox 1429 1415 1548 1457; x_wconf 80' lang='lat' dir='ltr'>aliena</span> <span class='ocrx_word' id='word_1_167' title='bbox 1573 1430 1690 1458; x_wconf 86' lang='lat' dir='ltr'>manu</span> <span class='ocrx_word' id='word_1_168' title='bbox 1716 1419 1879 1459; x_wconf 83' lang='lat' dir='ltr'>insertos</span> <span class='ocrx_word' id='word_1_169' title='bbox 1905 1432 1998 1467; x_wconf 88' lang='lat' dir='ltr'>esse,</span> <span class='ocrx_word' id='word_1_170' title='bbox 2025 1423 2064 1459; x_wconf 91' lang='lat' dir='ltr'>et</span> <span class='ocrx_word' id='word_1_171' title='bbox 2090 1417 2164 1458; x_wconf 88' lang='lat' dir='ltr'>hos</span> <span class='ocrx_word' id='word_1_172' title='bbox 2192 1416 2344 1472; x_wconf 87' lang='lat' dir='ltr'>quidem</span> <span class='ocrx_word' id='word_1_173' title='bbox 2372 1417 2486 1457; x_wconf 76' lang='lat' dir='ltr'>etiam</span> 
     </span>
     <span class='ocr_line' id='line_1_18' title="bbox 116 1478 2485 1538; baseline -0 -15"><span class='ocrx_word' id='word_1_174' title='bbox 116 1486 319 1538; x_wconf 84' lang='lat' dir='ltr'>propterea</span> <span class='ocrx_word' id='word_1_175' title='bbox 347 1482 436 1537; x_wconf 85' lang='lat' dir='ltr'>quia</span> <span class='ocrx_word' id='word_1_176' title='bbox 462 1488 619 1537; x_wconf 88' lang='lat' dir='ltr'>propter</span> <span class='ocrx_word' id='word_1_177' title='bbox 647 1479 820 1521; x_wconf 78' lang='lat' dir='ltr'>Creontis</span> <span class='ocrx_word' id='word_1_178' title='bbox 848 1478 961 1521; x_wconf 90' lang='lat' dir='ltr'>modo</span> <span class='ocrx_word' id='word_1_179' title='bbox 989 1479 1125 1522; x_wconf 76' lang='lat' dir='ltr'>factam</span> <span class='ocrx_word' id='word_1_180' title='bbox 1153 1479 1430 1536; x_wconf 82' lang='lat' dir='ltr'>expeditionem</span> <span class='ocrx_word' id='word_1_181' title='bbox 1456 1480 1648 1537; x_wconf 85' lang='lat' dir='ltr'>Polynieis</span> <span class='ocrx_word' id='word_1_182' title='bbox 1680 1485 1809 1538; x_wconf 81' lang='lat' dir='ltr'>copias</span> <span class='ocrx_word' id='word_1_183' title='bbox 1843 1485 1883 1525; x_wconf 87' lang='lat' dir='ltr'>in</span> <span class='ocrx_word' id='word_1_184' title='bbox 1909 1485 2040 1525; x_wconf 87' lang='lat' dir='ltr'>itinere</span> <span class='ocrx_word' id='word_1_185' title='bbox 2066 1484 2196 1538; x_wconf 86' lang='lat' dir='ltr'>potius</span> <span class='ocrx_word' id='word_1_186' title='bbox 2222 1496 2305 1524; x_wconf 86' lang='lat' dir='ltr'>esse</span> <span class='ocrx_word' id='word_1_187' title='bbox 2331 1481 2485 1537; x_wconf 60' lang='lat' dir='ltr'>patebi-</span> 
     </span>
     <span class='ocr_line' id='line_1_19' title="bbox 117 1545 831 1603; baseline -0.003 -13"><span class='ocrx_word' id='word_1_188' title='bbox 117 1561 201 1590; x_wconf 87' lang='lat' dir='ltr'>mus</span> <span class='ocrx_word' id='word_1_189' title='bbox 230 1560 344 1603; x_wconf 83' lang='lat' dir='ltr'>quam</span> <span class='ocrx_word' id='word_1_190' title='bbox 371 1548 446 1589; x_wconf 89' lang='lat' dir='ltr'>iam</span> <span class='ocrx_word' id='word_1_191' title='bbox 473 1545 629 1589; x_wconf 86' lang='lat' dir='ltr'>Thebas</span> <span class='ocrx_word' id='word_1_192' title='bbox 657 1547 831 1588; x_wconf 83' lang='lat' dir='ltr'>cinxisse</span> 
     </span>
    </p>
   </div>
   <div class='ocr_carea' id='block_1_5' title="bbox 106 1632 2488 1891">
    <p class='ocr_par' dir='ltr' id='par_1_6' title="bbox 106 1632 2488 1891">
     <span class='ocr_line' id='line_1_20' title="bbox 295 1632 2486 1694; baseline 0.001 -18"><span class='ocrx_word' id='word_1_193' title='bbox 295 1633 342 1679; x_wconf 89' lang='lat' dir='ltr'>V.</span> <span class='ocrx_word' id='word_1_194' title='bbox 374 1634 510 1681; x_wconf 42' lang='lat'>1336*</span> <span class='ocrx_word' id='word_1_195' title='bbox 537 1633 683 1682; x_wconf 80' lang='grc' dir='ltr'><em>ἄλλους</em></span> <span class='ocrx_word' id='word_1_196' title='bbox 708 1633 755 1678; x_wconf 80' lang='grc' dir='ltr'>δὲ</span> <span class='ocrx_word' id='word_1_197' title='bbox 784 1632 1042 1682; x_wconf 73' lang='grc' dir='ltr'><em>θωπεύοντες</em></span> <span class='ocrx_word' id='word_1_198' title='bbox 1065 1634 1306 1691; x_wconf 74' lang='grc' dir='ltr'><em>οἰκοῦμεν</em></span> <span class='ocrx_word' id='word_1_199' title='bbox 1332 1635 1384 1679; x_wconf 85' lang='grc' dir='ltr'>σύ</span> <span class='ocrx_word' id='word_1_200' title='bbox 1412 1650 1456 1680; x_wconf 82' lang='grc' dir='ltr'><em>τε</em></span> <span class='ocrx_word' id='word_1_201' title='bbox 1482 1637 1492 1694; x_wconf 68' lang='lat' dir='ltr'>l</span> <span class='ocrx_word' id='word_1_202' title='bbox 1518 1636 1644 1692; x_wconf 81' lang='grc' dir='ltr'><strong>κάγώ.</strong></span> <span class='ocrx_word' id='word_1_203' title='bbox 1681 1636 1777 1680; x_wconf 89' lang='lat' dir='ltr'>Cum</span> <span class='ocrx_word' id='word_1_204' title='bbox 1804 1642 1905 1680; x_wconf 81' lang='lat' dir='ltr'>eerte</span> <span class='ocrx_word' id='word_1_205' title='bbox 1932 1636 2132 1694; x_wconf 71' lang='lat' dir='ltr'>Polynices</span> <span class='ocrx_word' id='word_1_206' title='bbox 2158 1650 2237 1679; x_wconf 88' lang='lat' dir='ltr'>non</span> <span class='ocrx_word' id='word_1_207' title='bbox 2262 1637 2387 1694; x_wconf 80' lang='lat' dir='ltr'>possit</span> <span class='ocrx_word' id='word_1_208' title='bbox 2411 1635 2486 1679; x_wconf 85' lang='lat' dir='ltr'>diei</span> 
     </span>
     <span class='ocr_line' id='line_1_21' title="bbox 118 1700 2488 1761; baseline 0 -17"><span class='ocrx_word' id='word_1_209' title='bbox 118 1702 353 1751; x_wconf 85' lang='lat' dir='ltr'>habitare,</span> <span class='ocrx_word' id='word_1_210' title='bbox 387 1715 508 1757; x_wconf 85' lang='lat' dir='ltr'>neque</span> <span class='ocrx_word' id='word_1_211' title='bbox 546 1700 639 1743; x_wconf 88' lang='lat' dir='ltr'>illud</span> <span class='ocrx_word' id='word_1_212' title='bbox 674 1715 755 1746; x_wconf 88' lang='lat' dir='ltr'>esse</span> <span class='ocrx_word' id='word_1_213' title='bbox 788 1702 912 1757; x_wconf 85' lang='lat' dir='ltr'>possit</span> <span class='ocrx_word' id='word_1_214' title='bbox 945 1704 1050 1742; x_wconf 66' lang='lat' dir='ltr'>oium</span> <span class='ocrx_word' id='word_1_215' title='bbox 1077 1704 1255 1754; x_wconf 61' lang='lat' dir='ltr'>definias,</span> <span class='ocrx_word' id='word_1_216' title='bbox 1282 1701 1479 1744; x_wconf 82' lang='lat' dir='ltr'>Nauckius</span> <span class='ocrx_word' id='word_1_217' title='bbox 1513 1705 1670 1745; x_wconf 84' lang='lat' dir='ltr'>coniecit</span> <span class='ocrx_word' id='word_1_218' title='bbox 1701 1704 1729 1761; x_wconf 80' lang='grc' dir='ltr'><strong><em>ἦ</em></strong></span> <span class='ocrx_word' id='word_1_219' title='bbox 1737 1718 1793 1745; x_wconf 83' lang='grc' dir='ltr'><em>κο</em></span> <span class='ocrx_word' id='word_1_220' title='bbox 1800 1718 1915 1759; x_wconf 75' lang='grc' dir='ltr'><em>μενς</em></span> <span class='ocrx_word' id='word_1_221' title='bbox 1954 1703 2046 1745; x_wconf 90' lang='lat' dir='ltr'>mihi</span> <span class='ocrx_word' id='word_1_222' title='bbox 2073 1701 2312 1745; x_wconf 84' lang='lat' dir='ltr'>scribendum</span> <span class='ocrx_word' id='word_1_223' title='bbox 2337 1701 2488 1744; x_wconf 83' lang='lat' dir='ltr'>videtur</span> 
     </span>
     <span class='ocr_line' id='line_1_22' title="bbox 106 1766 2486 1826; baseline 0 -18"><span class='ocrx_word' id='word_1_224' title='bbox 106 1767 167 1810; x_wconf 77' lang='grc' dir='ltr'>ἀἶ</span> <span class='ocrx_word' id='word_1_225' title='bbox 174 1782 225 1809; x_wconf 87' lang='grc' dir='ltr'>το</span> <span class='ocrx_word' id='word_1_226' title='bbox 237 1769 260 1809; x_wconf 82' lang='grc' dir='ltr'><em>ῦ</em></span> <span class='ocrx_word' id='word_1_227' title='bbox 267 1782 328 1822; x_wconf 85' lang='grc' dir='ltr'><em>με</em></span> <span class='ocrx_word' id='word_1_228' title='bbox 339 1782 373 1815; x_wconf 90' lang='grc' dir='ltr'><em>ν,</em></span> <span class='ocrx_word' id='word_1_229' title='bbox 401 1766 506 1823; x_wconf 89' lang='lat' dir='ltr'>quod</span> <span class='ocrx_word' id='word_1_230' title='bbox 533 1781 617 1808; x_wconf 87' lang='lat' dir='ltr'>cum</span> <span class='ocrx_word' id='word_1_231' title='bbox 647 1766 908 1812; x_wconf 69' lang='grc' dir='ltr'><em>θωπεύοντες</em></span> <span class='ocrx_word' id='word_1_232' title='bbox 930 1768 1069 1823; x_wconf 87' lang='lat' dir='ltr'>optime</span> <span class='ocrx_word' id='word_1_233' title='bbox 1096 1770 1280 1809; x_wconf 78' lang='lat' dir='ltr'>convenit.</span> <span class='ocrx_word' id='word_1_234' title='bbox 1310 1768 1485 1810; x_wconf 87' lang='lat' dir='ltr'>Ceterum</span> <span class='ocrx_word' id='word_1_235' title='bbox 1511 1783 1544 1811; x_wconf 83' lang='lat' dir='ltr'>v.</span> <span class='ocrx_word' id='word_1_236' title='bbox 1559 1768 1676 1814; x_wconf 90' lang='grc'><strong>1333.</strong></span> <span class='ocrx_word' id='word_1_237' title='bbox 1697 1768 1802 1826; x_wconf 85' lang='lat' dir='ltr'>quod</span> <span class='ocrx_word' id='word_1_238' title='bbox 1818 1768 2004 1818; x_wconf 60' lang='lat' dir='ltr'>Nauem,</span> <span class='ocrx_word' id='word_1_239' title='bbox 2032 1767 2131 1810; x_wconf 87' lang='lat' dir='ltr'>idem</span> <span class='ocrx_word' id='word_1_240' title='bbox 2154 1767 2245 1810; x_wconf 88' lang='lat' dir='ltr'>mihi</span> <span class='ocrx_word' id='word_1_241' title='bbox 2266 1769 2305 1809; x_wconf 93' lang='lat' dir='ltr'>in</span> <span class='ocrx_word' id='word_1_242' title='bbox 2327 1773 2486 1810; x_wconf 84' lang='lat' dir='ltr'>mentem</span> 
     </span>
     <span class='ocr_line' id='line_1_23' title="bbox 118 1832 1090 1891; baseline 0 -16"><span class='ocrx_word' id='word_1_243' title='bbox 118 1835 238 1884; x_wconf 80' lang='lat' dir='ltr'>venit,</span> <span class='ocrx_word' id='word_1_244' title='bbox 265 1847 349 1890; x_wconf 56' lang='lat' dir='ltr'>pro,⁷</span> <span class='ocrx_word' id='word_1_245' title='bbox 364 1835 525 1891; x_wconf 80' lang='grc' dir='ltr'><em>κρηνῶν</em></span> <span class='ocrx_word' id='word_1_246' title='bbox 552 1832 789 1876; x_wconf 87' lang='lat' dir='ltr'>scribendum</span> <span class='ocrx_word' id='word_1_247' title='bbox 818 1847 900 1875; x_wconf 89' lang='lat' dir='ltr'>esse</span> <span class='ocrx_word' id='word_1_248' title='bbox 932 1832 1090 1891; x_wconf 82' lang='grc' dir='ltr'><em>Θηβῶν.</em></span> 
     </span>
    </p>
   </div>
   <div class='ocr_carea' id='block_1_6' title="bbox 118 1908 2486 2098">
    <p class='ocr_par' dir='ltr' id='par_1_7' title="bbox 118 1908 2486 2098">
     <span class='ocr_line' id='line_1_24' title="bbox 539 1908 1424 1967; baseline 0.001 -16"><span class='ocrx_word' id='word_1_249' title='bbox 539 1909 587 1951; x_wconf 92' lang='lat' dir='ltr'>V.</span> <span class='ocrx_word' id='word_1_250' title='bbox 619 1909 736 1955; x_wconf 88' lang='grc'><strong>1358.</strong></span> <span class='ocrx_word' id='word_1_251' title='bbox 766 1924 815 1952; x_wconf 92' lang='lat' dir='ltr'>s.:</span> <span class='ocrx_word' id='word_1_252' title='bbox 1131 1909 1196 1952; x_wconf 79' lang='grc' dir='ltr'><em>ὅτ’</em></span> <span class='ocrx_word' id='word_1_253' title='bbox 1223 1908 1268 1952; x_wconf 85' lang='grc' dir='ltr'><em>ἐν</em></span> <span class='ocrx_word' id='word_1_254' title='bbox 1290 1910 1424 1967; x_wconf 85' lang='grc' dir='ltr'><em>πόνῳ</em></span> 
     </span>
     <span class='ocr_line' id='line_1_25' title="bbox 844 1974 1755 2034; baseline 0.002 -18"><span class='ocrx_word' id='word_1_255' title='bbox 844 1974 978 2030; x_wconf 77' lang='grc' dir='ltr'><em>ταύτῷ</em></span> <span class='ocrx_word' id='word_1_256' title='bbox 1005 1974 1203 2033; x_wconf 79' lang='grc' dir='ltr'><em>βεβηκὼς</em></span> <span class='ocrx_word' id='word_1_257' title='bbox 1228 1977 1440 2034; x_wconf 73' lang='grc' dir='ltr'><em>τυγχάνεις</em></span> <span class='ocrx_word' id='word_1_258' title='bbox 1462 1979 1624 2018; x_wconf 89' lang='grc' dir='ltr'><em>κακῶν</em></span> <span class='ocrx_word' id='word_1_259' title='bbox 1651 1977 1755 2031; x_wconf 85' lang='grc' dir='ltr'><em>ἐμοί.</em></span> 
     </span>
     <span class='ocr_line' id='line_1_26' title="bbox 118 2040 2486 2098; baseline -0.001 -14"><span class='ocrx_word' id='word_1_260' title='bbox 118 2043 206 2085; x_wconf 84' lang='grc' dir='ltr'><em>Νοιι</em></span> <span class='ocrx_word' id='word_1_261' title='bbox 233 2044 313 2084; x_wconf 92' lang='lat' dir='ltr'>sine</span> <span class='ocrx_word' id='word_1_262' title='bbox 348 2044 448 2084; x_wconf 84' lang='lat' dir='ltr'>iusta</span> <span class='ocrx_word' id='word_1_263' title='bbox 480 2055 593 2083; x_wconf 81' lang='lat' dir='ltr'>eausa</span> <span class='ocrx_word' id='word_1_264' title='bbox 628 2040 809 2083; x_wconf 81' lang='lat' dir='ltr'>Reiskius</span> <span class='ocrx_word' id='word_1_265' title='bbox 843 2043 882 2083; x_wconf 90' lang='lat' dir='ltr'>in</span> <span class='ocrx_word' id='word_1_266' title='bbox 913 2040 1036 2083; x_wconf 87' lang='lat' dir='ltr'>verbis</span> <span class='ocrx_word' id='word_1_267' title='bbox 1064 2040 1108 2083; x_wconf 86' lang='grc' dir='ltr'><em>ἐν</em></span> <span class='ocrx_word' id='word_1_268' title='bbox 1133 2040 1274 2096; x_wconf 81' lang='grc' dir='ltr'><em>πόνῳ·</em></span> <span class='ocrx_word' id='word_1_269' title='bbox 1255 2045 1418 2084; x_wconf 83' lang='grc' dir='ltr'><em>-κακῶν</em></span> <span class='ocrx_word' id='word_1_270' title='bbox 1450 2042 1619 2085; x_wconf 84' lang='lat' dir='ltr'>offensus</span> <span class='ocrx_word' id='word_1_271' title='bbox 1654 2045 1811 2085; x_wconf 88' lang='lat' dir='ltr'>coniecit</span> <span class='ocrx_word' id='word_1_272' title='bbox 1836 2042 1965 2098; x_wconf 68' lang='grc' dir='ltr'>βυθῷ</span> <span class='ocrx_word' id='word_1_273' title='bbox 1992 2057 2065 2098; x_wconf 88' lang='lat' dir='ltr'>pro</span> <span class='ocrx_word' id='word_1_274' title='bbox 2092 2043 2226 2096; x_wconf 83' lang='grc' dir='ltr'><em>πόνῳ,</em></span> <span class='ocrx_word' id='word_1_275' title='bbox 2262 2041 2367 2096; x_wconf 87' lang='lat' dir='ltr'>quod</span> <span class='ocrx_word' id='word_1_276' title='bbox 2400 2054 2486 2083; x_wconf 86' lang='lat' dir='ltr'>eum</span> 
     </span>
    </p>
   </div>
   <div class='ocr_carea' id='block_1_7' title="bbox 117 2104 2486 2218">
    <p class='ocr_par' dir='ltr' id='par_1_8' title="bbox 117 2104 2486 2218">
     <span class='ocr_line' id='line_1_27' title="bbox 117 2104 2486 2218; baseline -0.001 -67"><span class='ocrx_word' id='word_1_277' title='bbox 117 2108 338 2218; x_wconf 53' lang='lat' dir='ltr'>Nauekiug²²</span> <span class='ocrx_word' id='word_1_278' title='bbox 348 2105 717 2216; x_wconf 55' lang='grc' dir='ltr'><em>οοιηῐηὶιιιηὸηηάιιω</em></span> <span class='ocrx_word' id='word_1_279' title='bbox 752 2119 834 2148; x_wconf 87' lang='lat' dir='ltr'>esse</span> <span class='ocrx_word' id='word_1_280' title='bbox 868 2105 999 2156; x_wconf 88' lang='lat' dir='ltr'>duxit,</span> <span class='ocrx_word' id='word_1_281' title='bbox 1040 2107 1119 2164; x_wconf 89' lang='lat' dir='ltr'>ipse</span> <span class='ocrx_word' id='word_1_282' title='bbox 1153 2119 1304 2163; x_wconf 90' lang='lat' dir='ltr'>quoque</span> <span class='ocrx_word' id='word_1_283' title='bbox 1341 2106 1491 2150; x_wconf 82' lang='lat' dir='ltr'>videtur</span> <span class='ocrx_word' id='word_1_284' title='bbox 1524 2107 1724 2151; x_wconf 82' lang='lat' dir='ltr'>offendere.</span> <span class='ocrx_word' id='word_1_285' title='bbox 1781 2107 1857 2150; x_wconf 88' lang='lat' dir='ltr'>Pro</span> <span class='ocrx_word' id='word_1_286' title='bbox 1892 2107 2003 2164; x_wconf 83' lang='grc' dir='ltr'><em>πόνῳ</em></span> <span class='ocrx_word' id='word_1_287' title='bbox 2038 2106 2199 2150; x_wconf 75' lang='lat' dir='ltr'>sortasse</span> <span class='ocrx_word' id='word_1_288' title='bbox 2233 2104 2305 2148; x_wconf 79' lang='lat' dir='ltr'>fuit</span> <span class='ocrx_word' id='word_1_289' title='bbox 2335 2104 2486 2162; x_wconf 76' lang='grc' dir='ltr'><em>κλόνῳς</em></span> 
     </span>
     <span class='ocr_line' id='line_1_28' title="bbox 118 2174 457 2217; baseline 0.003 -1"><span class='ocrx_word' id='word_1_290' title='bbox 118 2174 159 2216; x_wconf 82' lang='lat' dir='ltr'>cf</span> <span class='ocrx_word' id='word_1_291' title='bbox 191 2190 216 2213; x_wconf 89' lang='lat' dir='ltr'>v</span> <span class='ocrx_word' id='word_1_292' title='bbox 262 2176 277 2217; x_wconf 91' lang='grc'>1</span> <span class='ocrx_word' id='word_1_293' title='bbox 344 2174 360 2217; x_wconf 90' lang='grc'>1</span> <span class='ocrx_word' id='word_1_294' title='bbox 406 2174 457 2217; x_wconf 89' lang='grc'>12</span> 
     </span>
    </p>
   </div>
   <div class='ocr_carea' id='block_1_8' title="bbox 120 2250 2487 2374">
    <p class='ocr_par' dir='ltr' id='par_1_9' title="bbox 120 2250 2487 2374">
     <span class='ocr_line' id='line_1_29' title="bbox 296 2250 2487 2308; baseline -0.001 -15"><span class='ocrx_word' id='word_1_295' title='bbox 296 2251 345 2293; x_wconf 90' lang='lat' dir='ltr'>V.</span> <span class='ocrx_word' id='word_1_296' title='bbox 365 2250 480 2297; x_wconf 89' lang='grc'><strong>1390.</strong></span> <span class='ocrx_word' id='word_1_297' title='bbox 501 2251 542 2294; x_wconf 93' lang='lat' dir='ltr'>ln</span> <span class='ocrx_word' id='word_1_298' title='bbox 562 2251 687 2293; x_wconf 90' lang='lat' dir='ltr'>verbis</span> <span class='ocrx_word' id='word_1_299' title='bbox 709 2252 776 2293; x_wconf 83' lang='grc' dir='ltr'>καὶ</span> <span class='ocrx_word' id='word_1_300' title='bbox 795 2251 906 2293; x_wconf 81' lang='grc' dir='ltr'><em>καλῶ</em></span> <span class='ocrx_word' id='word_1_301' title='bbox 930 2251 974 2293; x_wconf 86' lang='grc' dir='ltr'><em>τὸ</em></span> <span class='ocrx_word' id='word_1_302' title='bbox 998 2250 1203 2308; x_wconf 81' lang='grc' dir='ltr'><em>Ταρτάρου</em></span> <span class='ocrx_word' id='word_1_303' title='bbox 1224 2251 1231 2307; x_wconf 92' lang='grc' dir='ltr'>Ι</span> <span class='ocrx_word' id='word_1_304' title='bbox 1252 2252 1420 2306; x_wconf 83' lang='grc' dir='ltr'><em>στυγνὸν</em></span> <span class='ocrx_word' id='word_1_305' title='bbox 1442 2253 1673 2308; x_wconf 81' lang='grc' dir='ltr'><em>πατρῷον</em></span> <span class='ocrx_word' id='word_1_306' title='bbox 1696 2250 1851 2308; x_wconf 84' lang='grc' dir='ltr'><em>ἔρεβος</em></span> <span class='ocrx_word' id='word_1_307' title='bbox 1870 2251 1974 2308; x_wconf 87' lang='lat' dir='ltr'>quod</span> <span class='ocrx_word' id='word_1_308' title='bbox 1987 2251 2182 2294; x_wconf 74' lang='lat' dir='ltr'>Nauekius</span> <span class='ocrx_word' id='word_1_309' title='bbox 2201 2266 2273 2308; x_wconf 88' lang='lat' dir='ltr'>pro</span> <span class='ocrx_word' id='word_1_310' title='bbox 2294 2251 2487 2307; x_wconf 80' lang='grc' dir='ltr'><em>πατρῷον</em></span> 
     </span>
     <span class='ocr_line' id='line_1_30' title="bbox 120 2316 1329 2374; baseline -0.001 -13"><span class='ocrx_word' id='word_1_311' title='bbox 120 2317 357 2361; x_wconf 84' lang='lat' dir='ltr'>scribendum</span> <span class='ocrx_word' id='word_1_312' title='bbox 385 2323 496 2374; x_wconf 88' lang='lat' dir='ltr'>putat</span> <span class='ocrx_word' id='word_1_313' title='bbox 521 2316 768 2367; x_wconf 77' lang='grc' dir='ltr'><em>κάτωθεν,</em></span> <span class='ocrx_word' id='word_1_314' title='bbox 797 2318 888 2360; x_wconf 88' lang='lat' dir='ltr'>mihi</span> <span class='ocrx_word' id='word_1_315' title='bbox 915 2332 1064 2373; x_wconf 90' lang='lat' dir='ltr'>quoque</span> <span class='ocrx_word' id='word_1_316' title='bbox 1090 2319 1210 2359; x_wconf 89' lang='lat' dir='ltr'>visum</span> <span class='ocrx_word' id='word_1_317' title='bbox 1237 2323 1329 2360; x_wconf 79' lang='lat' dir='ltr'>erat.</span> 
     </span>
    </p>
   </div>
   <div class='ocr_carea' id='block_1_9' title="bbox 118 2391 2512 2650">
    <p class='ocr_par' dir='ltr' id='par_1_10' title="bbox 638 2391 1943 2452">
     <span class='ocr_line' id='line_1_31' title="bbox 638 2391 1943 2452; baseline -0.001 -17"><span class='ocrx_word' id='word_1_318' title='bbox 638 2393 711 2436; x_wconf 86' lang='lat' dir='ltr'>Vv.</span> <span class='ocrx_word' id='word_1_319' title='bbox 746 2393 861 2440; x_wconf 79' lang='grc'><strong>1418.</strong></span> <span class='ocrx_word' id='word_1_320' title='bbox 888 2409 938 2437; x_wconf 85' lang='lat' dir='ltr'>s..</span> <span class='ocrx_word' id='word_1_321' title='bbox 928 2409 938 2420; x_wconf 92' lang='lat'><strong>·</strong></span> <span class='ocrx_word' id='word_1_322' title='bbox 966 2394 1055 2436; x_wconf 78' lang='grc' dir='ltr'><em>ἀλλ’</em></span> <span class='ocrx_word' id='word_1_323' title='bbox 1080 2394 1157 2452; x_wconf 77' lang='grc' dir='ltr'><em>οὐχ</em></span> <span class='ocrx_word' id='word_1_324' title='bbox 1182 2393 1270 2436; x_wconf 85' lang='grc' dir='ltr'><em>οἷόν</em></span> <span class='ocrx_word' id='word_1_325' title='bbox 1297 2409 1353 2437; x_wconf 84' lang='grc' dir='ltr'>τε.</span> <span class='ocrx_word' id='word_1_326' title='bbox 1380 2397 1471 2441; x_wconf 87' lang='grc' dir='ltr'>πῶς</span> <span class='ocrx_word' id='word_1_327' title='bbox 1494 2394 1574 2451; x_wconf 84' lang='grc' dir='ltr'>γὰρ</span> <span class='ocrx_word' id='word_1_328' title='bbox 1603 2392 1726 2440; x_wconf 72' lang='grc' dir='ltr'><em>αὖθις</em></span> <span class='ocrx_word' id='word_1_329' title='bbox 1749 2391 1802 2435; x_wconf 80' lang='grc' dir='ltr'>αὖ</span> <span class='ocrx_word' id='word_1_330' title='bbox 1829 2393 1943 2435; x_wconf 85' lang='grc' dir='ltr'><em>πάλιν</em></span> 
     </span>
    </p>

    <p class='ocr_par' dir='ltr' id='par_1_11' title="bbox 963 2459 1939 2518">
     <span class='ocr_line' id='line_1_32' title="bbox 963 2459 1939 2518; baseline -0.002 -14"><span class='ocrx_word' id='word_1_331' title='bbox 963 2459 1180 2518; x_wconf 84' lang='grc' dir='ltr'><em>στράτευμ’</em></span> <span class='ocrx_word' id='word_1_332' title='bbox 1206 2459 1348 2517; x_wconf 80' lang='grc' dir='ltr'><em>ἄγοιμι</em></span> <span class='ocrx_word' id='word_1_333' title='bbox 1373 2460 1552 2503; x_wconf 80' lang='grc' dir='ltr'><em>ταύτὸν</em></span> <span class='ocrx_word' id='word_1_334' title='bbox 1579 2460 1751 2509; x_wconf 69' lang='grc' dir='ltr'><em>εἷς-ἅπαξ</em></span> <span class='ocrx_word' id='word_1_335' title='bbox 1773 2459 1939 2517; x_wconf 82' lang='grc' dir='ltr'><em>τρέσας;</em></span> 
     </span>
    </p>

    <p class='ocr_par' dir='ltr' id='par_1_12' title="bbox 118 2525 2512 2650">
     <span class='ocr_line' id='line_1_33' title="bbox 126 2525 2512 2585; baseline 0 -17"><span class='ocrx_word' id='word_1_336' title='bbox 126 2528 249 2568; x_wconf 87' lang='grc' dir='ltr'><em>Ταυτό</em></span> <span class='ocrx_word' id='word_1_337' title='bbox 253 2543 273 2568; x_wconf 96' lang='grc' dir='ltr'><em>ν</em></span> <span class='ocrx_word' id='word_1_338' title='bbox 300 2543 384 2569; x_wconf 82' lang='lat' dir='ltr'>eum</span> <span class='ocrx_word' id='word_1_339' title='bbox 414 2530 494 2568; x_wconf 89' lang='lat' dir='ltr'>sine</span> <span class='ocrx_word' id='word_1_340' title='bbox 521 2527 638 2569; x_wconf 91' lang='lat' dir='ltr'>dubio</span> <span class='ocrx_word' id='word_1_341' title='bbox 667 2533 887 2585; x_wconf 81' lang='lat' dir='ltr'>corruptum</span> <span class='ocrx_word' id='word_1_342' title='bbox 916 2530 982 2576; x_wconf 82' lang='lat' dir='ltr'>sit,</span> <span class='ocrx_word' id='word_1_343' title='bbox 1013 2526 1205 2569; x_wconf 80' lang='lat' dir='ltr'>Nauckius</span> <span class='ocrx_word' id='word_1_344' title='bbox 1232 2529 1404 2583; x_wconf 83' lang='lat' dir='ltr'>reposuit</span> <span class='ocrx_word' id='word_1_345' title='bbox 1430 2525 1570 2582; x_wconf 86' lang='grc' dir='ltr'><em>ἄγοιμ’</em></span> <span class='ocrx_word' id='word_1_346' title='bbox 1597 2525 1806 2575; x_wconf 77' lang='grc' dir='ltr'><em>εὔτακτονς</em></span> <span class='ocrx_word' id='word_1_347' title='bbox 1841 2540 1913 2583; x_wconf 83' lang='lat' dir='ltr'>ego</span> <span class='ocrx_word' id='word_1_348' title='bbox 1942 2525 2100 2568; x_wconf 78' lang='lat' dir='ltr'>faciliori</span> <span class='ocrx_word' id='word_1_349' title='bbox 2127 2528 2336 2569; x_wconf 68' lang='lat' dir='ltr'>mutatione</span> <span class='ocrx_word' id='word_1_350' title='bbox 2363 2529 2489 2569; x_wconf 78' lang='lat' dir='ltr'>eonie-</span> <span class='ocrx_word' id='word_1_351' title='bbox 2510 2579 2512 2581; x_wconf 17' lang='lat' dir='ltr'>v</span> 
     </span>
     <span class='ocr_line' id='line_1_34' title="bbox 118 2584 1477 2650; baseline -0.001 -15"><span class='ocrx_word' id='word_1_352' title='bbox 118 2606 239 2636; x_wconf 85' lang='lat' dir='ltr'>ceram</span> <span class='ocrx_word' id='word_1_353' title='bbox 268 2591 403 2648; x_wconf 81' lang='grc' dir='ltr'><em>ἄγοιμι</em></span> <span class='ocrx_word' id='word_1_354' title='bbox 432 2591 626 2640; x_wconf 77' lang='grc' dir='ltr'><em>τακτόν,</em></span> <span class='ocrx_word' id='word_1_355' title='bbox 656 2596 875 2642; x_wconf 66' lang='lat' dir='ltr'>ineo-uotum,</span> <span class='ocrx_word' id='word_1_356' title='bbox 903 2608 995 2650; x_wconf 83' lang='lat' dir='ltr'>ergo</span> <span class='ocrx_word' id='word_1_357' title='bbox 1022 2592 1070 2634; x_wconf 80' lang='lat' dir='ltr'>ad</span> <span class='ocrx_word' id='word_1_358' title='bbox 1095 2607 1261 2649; x_wconf 81' lang='lat' dir='ltr'>pugnam</span> <span class='ocrx_word' id='word_1_359' title='bbox 1288 2584 1477 2649; x_wconf 64' lang='lat' dir='ltr'>pairatum.</span> 
     </span>
    </p>
   </div>
   <div class='ocr_carea' id='block_1_10' title="bbox 119 2665 2490 3202">
    <p class='ocr_par' dir='ltr' id='par_1_13' title="bbox 119 2665 2490 3202">
     <span class='ocr_line' id='line_1_35' title="bbox 455 2665 1704 2723; baseline -0.001 -13"><span class='ocrx_word' id='word_1_360' title='bbox 455 2682 463 2690; x_wconf 88' lang='lat'><strong>·</strong></span> <span class='ocrx_word' id='word_1_361' title='bbox 541 2668 751 2712; x_wconf 78' lang='lat' dir='ltr'><strong>V.1421.·</strong></span> <span class='ocrx_word' id='word_1_362' title='bbox 779 2667 883 2710; x_wconf 82' lang='grc' dir='ltr'><em>τίδ’</em></span> <span class='ocrx_word' id='word_1_363' title='bbox 911 2666 1077 2719; x_wconf 70' lang='grc' dir='ltr'><em>αὖθις,</em></span> <span class='ocrx_word' id='word_1_364' title='bbox 1105 2666 1140 2709; x_wconf 84' lang='grc' dir='ltr'><strong><em>ὦ</em></strong></span> <span class='ocrx_word' id='word_1_365' title='bbox 1167 2681 1257 2718; x_wconf 88' lang='grc' dir='ltr'><em>παι,</em></span> <span class='ocrx_word' id='word_1_366' title='bbox 1285 2666 1354 2709; x_wconf 82' lang='grc' dir='ltr'>δεῖ</span> <span class='ocrx_word' id='word_1_367' title='bbox 1373 2682 1421 2709; x_wconf 84' lang='grc' dir='ltr'>σε</span> <span class='ocrx_word' id='word_1_368' title='bbox 1449 2665 1704 2723; x_wconf 71' lang='grc' dir='ltr'><em>θυμοῦσθαις</em></span> 
     </span>
     <span class='ocr_line' id='line_1_36' title="bbox 120 2731 2382 2789; baseline -0 -15"><span class='ocrx_word' id='word_1_369' title='bbox 120 2731 263 2784; x_wconf 70' lang='grc' dir='ltr'><em>Αὖθις,</em></span> <span class='ocrx_word' id='word_1_370' title='bbox 292 2737 479 2784; x_wconf 85' lang='lat' dir='ltr'>iterum,</span> <span class='ocrx_word' id='word_1_371' title='bbox 507 2747 734 2789; x_wconf 79' lang='lat' dir='ltr'>quamquam</span> <span class='ocrx_word' id='word_1_372' title='bbox 762 2734 1004 2776; x_wconf 74' lang='lat' dir='ltr'>Hermannus</span> <span class='ocrx_word' id='word_1_373' title='bbox 1030 2735 1120 2775; x_wconf 79' lang='lat' dir='ltr'>satis</span> <span class='ocrx_word' id='word_1_374' title='bbox 1145 2732 1392 2788; x_wconf 77' lang='lat' dir='ltr'>probabiliter</span> <span class='ocrx_word' id='word_1_375' title='bbox 1413 2732 1634 2788; x_wconf 77' lang='lat' dir='ltr'>explicavit,</span> <span class='ocrx_word' id='word_1_376' title='bbox 1662 2737 1788 2774; x_wconf 79' lang='lat' dir='ltr'>tamen</span> <span class='ocrx_word' id='word_1_377' title='bbox 1814 2734 1942 2774; x_wconf 84' lang='lat' dir='ltr'>neseio</span> <span class='ocrx_word' id='word_1_378' title='bbox 1971 2747 2020 2774; x_wconf 79' lang='lat' dir='ltr'>an</span> <span class='ocrx_word' id='word_1_379' title='bbox 2048 2732 2288 2775; x_wconf 75' lang='lat' dir='ltr'>scribendum</span> <span class='ocrx_word' id='word_1_380' title='bbox 2316 2735 2382 2774; x_wconf 87' lang='lat' dir='ltr'>sit:</span> 
     </span>
     <span class='ocr_line' id='line_1_37' title="bbox 780 2795 1728 2852; baseline -0.003 -10"><span class='ocrx_word' id='word_1_381' title='bbox 780 2798 818 2841; x_wconf 80' lang='grc' dir='ltr'><em>τί</em></span> <span class='ocrx_word' id='word_1_382' title='bbox 843 2798 886 2842; x_wconf 86' lang='grc' dir='ltr'>δ’</span> <span class='ocrx_word' id='word_1_383' title='bbox 912 2797 972 2842; x_wconf 81' lang='grc' dir='ltr'>αὖ</span> <span class='ocrx_word' id='word_1_384' title='bbox 999 2798 1107 2849; x_wconf 89' lang='grc' dir='ltr'><em>τόσ’,</em></span> <span class='ocrx_word' id='word_1_385' title='bbox 1137 2796 1173 2840; x_wconf 85' lang='grc' dir='ltr'><strong><em>ὦ</em></strong></span> <span class='ocrx_word' id='word_1_386' title='bbox 1199 2800 1283 2848; x_wconf 79' lang='grc' dir='ltr'><em>παῖ,</em></span> <span class='ocrx_word' id='word_1_387' title='bbox 1311 2796 1379 2839; x_wconf 82' lang='grc' dir='ltr'>δεῖ</span> <span class='ocrx_word' id='word_1_388' title='bbox 1401 2812 1450 2839; x_wconf 86' lang='grc' dir='ltr'>σε</span> <span class='ocrx_word' id='word_1_389' title='bbox 1476 2795 1728 2852; x_wconf 67' lang='grc' dir='ltr'><em>θυμοῦσθαις</em></span> 
     </span>
     <span class='ocr_line' id='line_1_38' title="bbox 475 2868 1813 2934; baseline 0 -17"><span class='ocrx_word' id='word_1_390' title='bbox 475 2877 522 2917; x_wconf 88' lang='lat' dir='ltr'>V.</span> <span class='ocrx_word' id='word_1_391' title='bbox 555 2876 671 2921; x_wconf 81' lang='lat'><strong>1435.</strong></span> <span class='ocrx_word' id='word_1_392' title='bbox 699 2868 749 2919; x_wconf 70' lang='lat' dir='ltr'>s.:</span> <span class='ocrx_word' id='word_1_393' title='bbox 776 2878 897 2934; x_wconf 80' lang='grc' dir='ltr'><em>σφῷν</em></span> <span class='ocrx_word' id='word_1_394' title='bbox 925 2877 967 2919; x_wconf 84' lang='grc' dir='ltr'>δ’</span> <span class='ocrx_word' id='word_1_395' title='bbox 994 2874 1040 2919; x_wconf 84' lang='grc' dir='ltr'>εὖ</span> <span class='ocrx_word' id='word_1_396' title='bbox 1067 2874 1197 2933; x_wconf 80' lang='grc' dir='ltr'><em>διδοίη</em></span> <span class='ocrx_word' id='word_1_397' title='bbox 1225 2875 1343 2927; x_wconf 85' lang='grc' dir='ltr'><em>Ζεύς,</em></span> <span class='ocrx_word' id='word_1_398' title='bbox 1370 2874 1479 2918; x_wconf 86' lang='grc' dir='ltr'><em>τάδ’</em></span> <span class='ocrx_word' id='word_1_399' title='bbox 1507 2876 1544 2918; x_wconf 80' lang='grc' dir='ltr'>εἷ</span> <span class='ocrx_word' id='word_1_400' title='bbox 1571 2876 1718 2918; x_wconf 84' lang='grc' dir='ltr'><em>τελεῒτέ</em></span> <span class='ocrx_word' id='word_1_401' title='bbox 1741 2892 1813 2931; x_wconf 93' lang='grc' dir='ltr'>μοι</span> 
     </span>
     <span class='ocr_line' id='line_1_39' title="bbox 781 2939 1837 2997; baseline -0.001 -12"><span class='ocrx_word' id='word_1_402' title='bbox 781 2941 993 2993; x_wconf 70' lang='grc' dir='ltr'><em>θανόντ’,</em></span> <span class='ocrx_word' id='word_1_403' title='bbox 1021 2941 1126 2983; x_wconf 78' lang='grc' dir='ltr'><em>ἐπεὶ</em></span> <span class='ocrx_word' id='word_1_404' title='bbox 1152 2939 1206 2983; x_wconf 86' lang='grc' dir='ltr'><em>οὔ</em></span> <span class='ocrx_word' id='word_1_405' title='bbox 1227 2956 1299 2997; x_wconf 91' lang='grc' dir='ltr'>μοι</span> <span class='ocrx_word' id='word_1_406' title='bbox 1326 2940 1443 2990; x_wconf 76' lang='grc' dir='ltr'><em>ζῶντί</em></span> <span class='ocrx_word' id='word_1_407' title='bbox 1467 2941 1509 2996; x_wconf 92' lang='grc' dir='ltr'>γ’</span> <span class='ocrx_word' id='word_1_408' title='bbox 1538 2939 1662 2989; x_wconf 70' lang='grc' dir='ltr'><em>αὖθις</em></span> <span class='ocrx_word' id='word_1_409' title='bbox 1686 2941 1837 2994; x_wconf 70' lang='grc' dir='ltr'><em>ἕξετον.</em></span> 
     </span>
     <span class='ocr_line' id='line_1_40' title="bbox 123 3000 2489 3069; baseline 0 -19"><span class='ocrx_word' id='word_1_410' title='bbox 123 3008 295 3066; x_wconf 86' lang='lat' dir='ltr'>Longum</span> <span class='ocrx_word' id='word_1_411' title='bbox 323 3015 382 3051; x_wconf 83' lang='lat' dir='ltr'>est</span> <span class='ocrx_word' id='word_1_412' title='bbox 409 3010 576 3050; x_wconf 83' lang='lat' dir='ltr'>virorum</span> <span class='ocrx_word' id='word_1_413' title='bbox 604 3008 802 3050; x_wconf 83' lang='lat' dir='ltr'>doctorum</span> <span class='ocrx_word' id='word_1_414' title='bbox 830 3009 877 3051; x_wconf 91' lang='lat' dir='ltr'>de</span> <span class='ocrx_word' id='word_1_415' title='bbox 904 3009 964 3050; x_wconf 88' lang='lat' dir='ltr'>his</span> <span class='ocrx_word' id='word_1_416' title='bbox 992 3007 1112 3049; x_wconf 84' lang='lat' dir='ltr'>verbis</span> <span class='ocrx_word' id='word_1_417' title='bbox 1139 3009 1342 3049; x_wconf 80' lang='lat' dir='ltr'>sententias</span> <span class='ocrx_word' id='word_1_418' title='bbox 1369 3013 1407 3049; x_wconf 89' lang='lat' dir='ltr'>et</span> <span class='ocrx_word' id='word_1_419' title='bbox 1432 3009 1666 3051; x_wconf 81' lang='lat' dir='ltr'>coniecturas</span> <span class='ocrx_word' id='word_1_420' title='bbox 1691 3000 1934 3061; x_wconf 68' lang='lat' dir='ltr'>enumeraret,</span> <span class='ocrx_word' id='word_1_421' title='bbox 1959 3025 2083 3069; x_wconf 84' lang='lat' dir='ltr'>nuper</span> <span class='ocrx_word' id='word_1_422' title='bbox 2108 3024 2199 3053; x_wconf 87' lang='lat' dir='ltr'>vero</span> <span class='ocrx_word' id='word_1_423' title='bbox 2226 3009 2397 3060; x_wconf 84' lang='lat' dir='ltr'>fuerunt,</span> <span class='ocrx_word' id='word_1_424' title='bbox 2425 3013 2489 3066; x_wconf 92' lang='lat' dir='ltr'>qui</span> 
     </span>
     <span class='ocr_line' id='line_1_41' title="bbox 119 3071 2490 3122; baseline 0.002 -7"><span class='ocrx_word' id='word_1_425' title='bbox 119 3071 374 3116; x_wconf 76' lang='lat' dir='ltr'>difficultatem</span> <span class='ocrx_word' id='word_1_426' title='bbox 399 3072 578 3116; x_wconf 80' lang='lat' dir='ltr'>eiiciendo</span> <span class='ocrx_word' id='word_1_427' title='bbox 601 3088 638 3115; x_wconf 87' lang='lat' dir='ltr'>v.</span> <span class='ocrx_word' id='word_1_428' title='bbox 660 3074 774 3119; x_wconf 74' lang='grc'><strong>1436.</strong></span> <span class='ocrx_word' id='word_1_429' title='bbox 794 3074 995 3116; x_wconf 86' lang='lat' dir='ltr'>tollendam</span> <span class='ocrx_word' id='word_1_430' title='bbox 1018 3078 1220 3116; x_wconf 84' lang='lat' dir='ltr'>censerent.</span> <span class='ocrx_word' id='word_1_431' title='bbox 1248 3073 1304 3115; x_wconf 78' lang='lat' dir='ltr'>At</span> <span class='ocrx_word' id='word_1_432' title='bbox 1330 3072 1498 3116; x_wconf 87' lang='lat' dir='ltr'>nondum</span> <span class='ocrx_word' id='word_1_433' title='bbox 1526 3074 1831 3118; x_wconf 80' lang='lat' dir='ltr'>animadversum</span> <span class='ocrx_word' id='word_1_434' title='bbox 1857 3083 1916 3119; x_wconf 90' lang='lat' dir='ltr'>est</span> <span class='ocrx_word' id='word_1_435' title='bbox 1934 3076 2033 3119; x_wconf 84' lang='grc' dir='ltr'><em>τάδε</em></span> <span class='ocrx_word' id='word_1_436' title='bbox 2061 3092 2095 3120; x_wconf 86' lang='lat' dir='ltr'>v.</span> <span class='ocrx_word' id='word_1_437' title='bbox 2119 3076 2234 3122; x_wconf 77' lang='lat'><strong>1435.</strong></span> <span class='ocrx_word' id='word_1_438' title='bbox 2258 3078 2325 3118; x_wconf 83' lang='lat' dir='ltr'>vix</span> <span class='ocrx_word' id='word_1_439' title='bbox 2347 3084 2490 3119; x_wconf 66' lang='lat' dir='ltr'>reoeum</span> 
     </span>
     <span class='ocr_line' id='line_1_42' title="bbox 121 3138 2490 3202; baseline 0.002 -24"><span class='ocrx_word' id='word_1_440' title='bbox 121 3150 202 3180; x_wconf 87' lang='lat' dir='ltr'>esse</span> <span class='ocrx_word' id='word_1_441' title='bbox 228 3153 361 3196; x_wconf 85' lang='lat' dir='ltr'>posse,</span> <span class='ocrx_word' id='word_1_442' title='bbox 396 3153 480 3181; x_wconf 84' lang='lat' dir='ltr'>eum</span> <span class='ocrx_word' id='word_1_443' title='bbox 515 3139 745 3182; x_wconf 79' lang='lat' dir='ltr'>humationis</span> <span class='ocrx_word' id='word_1_444' title='bbox 781 3142 919 3182; x_wconf 89' lang='lat' dir='ltr'>mentio</span> <span class='ocrx_word' id='word_1_445' title='bbox 948 3154 981 3181; x_wconf 82' lang='lat' dir='ltr'>v.</span> <span class='ocrx_word' id='word_1_446' title='bbox 1012 3138 1126 3182; x_wconf 79' lang='lat'><strong>1410.</strong></span> <span class='ocrx_word' id='word_1_447' title='bbox 1153 3140 1335 3180; x_wconf 87' lang='lat' dir='ltr'>remotior</span> <span class='ocrx_word' id='word_1_448' title='bbox 1362 3140 1412 3181; x_wconf 82' lang='lat' dir='ltr'>sit</span> <span class='ocrx_word' id='word_1_449' title='bbox 1444 3152 1489 3182; x_wconf 77' lang='lat' dir='ltr'>ae</span> <span class='ocrx_word' id='word_1_450' title='bbox 1514 3139 1561 3182; x_wconf 92' lang='lat' dir='ltr'>de</span> <span class='ocrx_word' id='word_1_451' title='bbox 1586 3139 1699 3202; x_wconf 84' lang='lat' dir='ltr'>plane</span> <span class='ocrx_word' id='word_1_452' title='bbox 1726 3141 1886 3184; x_wconf 83' lang='lat' dir='ltr'>diversis</span> <span class='ocrx_word' id='word_1_453' title='bbox 1912 3142 2027 3184; x_wconf 88' lang='lat' dir='ltr'>rebus</span> <span class='ocrx_word' id='word_1_454' title='bbox 2054 3148 2188 3199; x_wconf 76' lang='lat' dir='ltr'>postea</span> <span class='ocrx_word' id='word_1_455' title='bbox 2215 3156 2340 3184; x_wconf 81' lang='lat' dir='ltr'>sermo</span> <span class='ocrx_word' id='word_1_456' title='bbox 2367 3141 2490 3189; x_wconf 84' lang='lat' dir='ltr'>fuerit,</span> 
     </span>
    </p>
   </div>
  </div>
 </body>
</html>
