2720 3459
1301 172 1331 219 3

133 334 277 370 rectene
311 325 421 367 tertia
447 322 607 380 stropha
637 327 768 379 posset
801 321 992 364 eliminari.
1045 323 1247 365 Praeterea
1279 324 1320 363 in
1353 326 1515 363 mentem
1549 320 1642 361 mihi
1676 321 1777 361 venit
1813 319 1962 377 Virgilii
1999 320 2045 363 de
2079 320 2262 363 Pollionis
2295 322 2502 379 tragoediis

134 393 208 435 Ecl.
234 391 273 440 8,
292 390 319 434 9
347 389 440 430 haec
467 387 641 429 dicentis:

832 451 890 495 En
917 454 988 495 erit
1012 459 1057 495 ut
1082 452 1191 496 liceat
1215 457 1338 495 totum
1365 450 1459 493 mihi
1484 449 1583 493 ferre
1611 463 1679 508 per
1716 450 1844 493 orbem

834 517 927 559 Sola
955 519 1170 575 Sophocleo
1197 526 1265 561 tua
1291 523 1458 561 carmina
1485 517 1604 574 digna
1631 517 1829 566 cothurno,

135 599 234 640 unde
261 602 420 653 apparet
447 597 577 650 quanti
612 594 696 636 illae
724 594 843 636 saetae
876 595 960 636 sint.
1013 595 1115 638 Haec
1148 611 1234 639 eum
1268 595 1327 639 Te
1361 595 1493 652 fugere
1525 609 1604 637 non
1636 596 1849 651 potuerint,
1884 596 1924 636 in
1950 608 1995 637 eo
2022 609 2094 637 nos
2121 601 2277 653 apparet
2303 595 2505 646 discedere,

135 662 237 720 quod
264 661 330 706 Tu
356 661 451 704 haec
476 674 554 702 non
582 661 677 702 tanti
704 673 785 701 esse
812 665 944 716 putas,
970 664 1014 701 ut
1040 660 1221 705 Horatius
1245 664 1378 704 tertiae
1406 661 1587 718 strophae
1615 666 1673 703 tot
1699 663 1887 717 tantisque
1915 660 2132 702 criminibus
2158 662 2346 704 obnoxiae
2373 668 2507 704 auctor

135 732 185 771 sit
211 727 505 776 existimandus,
547 741 619 783 ego
645 731 815 782 poetam,
849 729 1066 781 praesertim
1094 742 1178 769 cum
1203 728 1417 770 Pollionem
1445 734 1656 776 oratorem,
1691 732 1923 773 senatorem,
1957 728 2219 783 imperatorem
2244 727 2391 778 laudet,
2426 729 2507 770 sine

136 795 343 836 offensione
378 795 458 835 eius
493 792 655 848 quadam
688 805 767 833 non
800 792 967 847 potuisse
999 792 1213 850 tragoedias
1247 793 1395 836 silentio
1426 794 1727 851 praetermittere
1763 792 1939 835 arbitror.
1994 792 2124 850 ltaque
2166 794 2369 850 pericnlum
2413 793 2506 836 mihi

135 859 343 903 faciendum
362 860 494 916 putavi
526 871 569 900 ea
589 871 685 914 quae
695 856 754 899 Te
782 858 914 897 merito
938 856 1131 899 offendunt
1157 858 1395 915 aliquatenus
1422 858 1646 900 defendendi
1662 864 1729 899 aut
1742 859 1962 900 excusandi.
1991 858 2229 913 Quamquam
2255 858 2367 900 libere
2385 859 2508 901 fateor

136 941 211 968 non
239 926 340 968 illam
367 924 481 966 modo
508 923 705 980 stropham
732 923 824 965 mihi
850 937 983 980 parum
1010 923 1172 980 placere,
1208 923 1274 966 sed
1301 926 1413 966 etiam
1439 938 1521 967 eam
1551 939 1649 980 quae
1677 926 1865 980 sequitur:
2302 919 2305 922 ’

925 999 1072 1057 Insigne
1098 1003 1248 1042 maestis
1275 1000 1506 1057 praesidium
1532 1003 1608 1043 reis

924 1065 975 1106 Et
1000 1066 1223 1115 consulenti,
1250 1065 1393 1115 Pollio,
1420 1068 1562 1115 curiae,

926 1130 996 1172 Cui
1023 1130 1150 1173 laurus
1178 1136 1349 1173 aeternos
1378 1129 1543 1173 honores

923 1197 1126 1239 Delmatico
1152 1200 1298 1254 peperit
1323 1198 1536 1254 triumpho,

139 1276 210 1318 nisi
245 1280 401 1332 propter
430 1271 610 1317 Pollionis
647 1271 932 1330 appellationem
967 1277 1064 1315 esset
1095 1273 1320 1324 necessaria,
1363 1274 1396 1314 si
1432 1271 1597 1324 abesset,
1638 1287 1696 1315 me
1722 1288 1802 1315 non
1828 1288 2059 1332 magnopere
2086 1288 2169 1315 esse
2197 1275 2511 1318 desideraturum

139 1340 216 1382 Sed
243 1339 424 1382 Pollionis
449 1353 586 1381 nomen
609 1338 712 1380 nullo
740 1338 813 1379 alio
841 1337 924 1378 loco
953 1344 1075 1394 potest
1099 1339 1237 1379 inferri.
1280 1340 1454 1380 Ferenda
1481 1342 1599 1396 igitur
1625 1341 1717 1381 mihi
1745 1341 1894 1381 videtur
1921 1347 2081 1396 utraque
2109 1343 2282 1397 stropha.

314 1418 345 1471 ‘)
362 1418 448 1459 lam
468 1417 571 1473 quod
598 1432 741 1457 severae
768 1420 881 1456 Musa
907 1421 1106 1468 traqoediae
1131 1423 1169 1457 et
1198 1421 1338 1468 qrande
1363 1433 1493 1457 mum
1526 1417 1676 1467 dicitur,
1700 1418 1794 1460 haec
1821 1418 1985 1473 epitheta
2013 1434 2091 1461 non
2118 1418 2204 1461 ideo
2225 1419 2318 1462 mihi
2335 1419 2514 1463 videntur

140 1486 279 1535 addita,
312 1492 357 1527 ut
382 1484 578 1542 tragoedia
611 1488 867 1540 opponeretur
893 1482 1069 1526 historiae
1096 1489 1133 1526 et
1159 1482 1250 1526 haec
1276 1481 1442 1539 quodam
1468 1481 1583 1525 modo
1610 1481 1837 1535 elevaretur,
1871 1481 1938 1526 sed
1963 1482 2181 1542 simpliciter
2207 1483 2308 1528 illius
2334 1490 2513 1529 naturam

138 1567 207 1609 per
234 1567 274 1595 se
302 1550 526 1601 describere,
562 1556 607 1593 ut
633 1551 710 1593 sint
735 1563 786 1593 ex
809 1551 1021 1593 ornantium
1048 1563 1141 1607 quae
1168 1548 1344 1592 dicuntur
1370 1547 1626 1605 epitheton-um
1652 1563 1808 1606 genere,
1841 1549 2026 1607 simulque
2053 1549 2215 1592 sortasse
2242 1552 2462 1609 tragoediae
2490 1568 2514 1595 a

140 1616 331 1660 comoedia
373 1618 628 1674 potissimum,
668 1614 827 1657 forsitan
869 1617 979 1657 etiam
1019 1616 1064 1656 ab
1106 1617 1187 1658 aliis
1227 1615 1431 1655 levioribus
1466 1617 1593 1671 poesis
1628 1616 1830 1671 generibus
1864 1616 2120 1658 diversitatem
2157 1618 2369 1674 significare
2403 1620 2510 1662 nullo

141 1685 319 1726 historiae
347 1683 583 1725 detrimento.
640 1682 783 1725 Deinde
810 1697 1038 1738 quamquam
1064 1680 1341 1740 tragoediarum
1368 1682 1408 1723 in
1436 1695 1585 1725 scenam
1612 1680 1816 1739 productio
1835 1696 1915 1724 non
1942 1688 2024 1725 erat
2049 1696 2112 1725 res
2139 1685 2350 1740 privata,
2388 1691 2515 1729 tamen

141 1765 217 1792 nou
245 1756 303 1791 est
329 1747 522 1791 reserenda
556 1749 652 1790 inter
685 1761 749 1789 eas
776 1761 837 1789 res
872 1746 1106 1805 publicas,
1148 1746 1193 1788 de
1220 1746 1357 1803 quibus
1385 1746 1567 1788 historiae
1596 1746 1680 1789 belli
1710 1747 1827 1789 civilis
1856 1750 2032 1805 scriptori
2060 1749 2250 1806 agendum
2276 1756 2377 1800 erat,
2417 1766 2514 1808 quae

142 1814 190 1856 ad
216 1815 421 1856 domestica
448 1819 485 1855 et
511 1813 641 1855 bellica
668 1815 833 1869 partium
861 1814 1060 1854 certamina
1082 1812 1272 1853 reserenda
1298 1819 1399 1853 sunt.
1446 1812 1591 1854 Deinde
1618 1814 1733 1854 verba
1761 1818 1824 1853 ubi
1844 1819 2012 1867 publicas
2039 1831 2098 1855 ree
2126 1820 2233 1856 ordi
2238 1833 2261 1856 a
2270 1821 2387 1864 aris,
2420 1833 2515 1873 quae

141 1882 233 1923 mihi
260 1896 410 1937 quoque
438 1880 635 1923 offensioni
663 1879 832 1926 suemnt,
875 1894 959 1922 cum
993 1895 1065 1921 rem
1086 1882 1265 1933 publicam
1292 1880 1462 1920 ordinare
1494 1876 1607 1936 longe
1644 1877 1748 1920 aliud
1785 1878 1987 1935 significet,
2029 1881 2082 1921 ita
2109 1880 2201 1922 mihi
2227 1880 2377 1924 defendi
2403 1896 2516 1939 posse

141 1946 347 2003 videntur,
381 1952 426 1988 ut
458 1947 512 1987 sic
546 1945 620 1987 sere
655 1944 912 2002 intelligantur
953 1950 996 1985 ut
1029 1943 1214 1985 Bentleius
1255 1957 1299 1984 ac
1337 1949 1428 1999 post
1460 1957 1545 1985 eum
1580 1945 1707 1986 lanius
1744 1945 1879 2000 aliique
1915 1953 2149 2001 acceperunt.
2205 1947 2302 1988 Nam
2338 1963 2425 1990 cum
2459 1966 2516 1990 res

143 2015 357 2069 saepissime
380 2012 628 2101 historipm
650 2026 801 2052 rerum
821 2016 1058 2068 gestarum
1084 2008 1275 2065 significet,
1291 2025 1347 2050 res
1359 2013 1527 2062 publicas
1544 2014 1715 2052 ordinare
1725 2010 1818 2052 nihil
1830 2010 2009 2067 impedire
2026 2011 2117 2054 mihi
2131 2011 2279 2055 videtur
2299 2028 2377 2069 quo
2393 2015 2516 2057 minus

318 2154 350 2198 ⁹)
384 2159 592 2190 Rheinieehes
614 2159 760 2190 Murcum
782 2158 835 2189 fur
857 2158 1050 2197 Philologie,
1069 2157 1180 2196 διιπε-
1204 2157 1245 2187 11.
1267 2156 1349 2187 Hert
1370 2152 1423 2194 4.,
1448 2152 1547 2195 1857,
1571 2167 1646 2197 pag.
1662 2153 1738 2188 629.
1785 2158 1861 2195 „ich
1885 2160 1951 2189 will
1974 2159 2066 2189 nicht
2087 2169 2162 2190 zum
2188 2169 2224 2191 ao
2247 2163 2314 2193 nnd
2337 2172 2374 2193 ao
2397 2165 2518 2196 vielten

144 2217 230 2247 Male
252 2217 349 2246 reden
370 2225 438 2246 von
460 2216 530 2246 dem
554 2215 804 2245 befremdlichen
820 2213 965 2254 publicos
986 2222 1039 2243 rea
1059 2211 1225 2250 ordinarie,
1247 2212 1346 2243 vorin
1370 2214 1534 2245 entweder
1556 2214 1716 2245 ordinaria
1739 2215 1875 2246 liberans
1896 2215 2060 2255 pro-aiecii
2083 2216 2160 2247 oder
2175 2215 2319 2256 publica·
2336 2228 2391 2250 m
2412 2228 2519 2260 ‘egen

145 2272 230 2303 alien
252 2270 538 2312 sprachgebraueh
560 2270 613 2303 fur
634 2280 699 2301 rem
715 2269 875 2311 publicam
897 2270 1000 2307 eteht3
1020 2282 1059 2289 —
1076 2268 1165 2299 nicht
1186 2269 1310 2306 daven,
1323 2269 1399 2299 daea
1422 2277 1456 2298 ea
1480 2268 1586 2299 echios
1603 2270 1657 2306 iat,
1679 2280 1720 2300 zu
1743 2271 1805 2300 den
1822 2270 1969 2310 publicu
1990 2280 2043 2301 m
2065 2271 2118 2301 die
2140 2270 2265 2302 theou-a
2283 2273 2316 2304 in
2334 2273 2519 2314 ΘΜ

145 2338 186 2359 zu
207 2328 342 2365 usellen,
365 2328 408 2357 da
430 2328 480 2357 die
502 2327 571 2357 ludi
594 2326 715 2366 publici
737 2336 773 2356 so
793 2327 870 2357 veit
889 2326 947 2356 wie
969 2325 1104 2363 moglieh
1127 2323 1270 2355 eniteret
1291 2324 1364 2355 sind
1394 2334 1460 2355 von
1482 2326 1554 2355 dem
1576 2325 1700 2364 Begriff
1718 2326 1806 2356 einer
1828 2325 2186 2365 Privatangelegenheit
2216 2330 2284 2360 und
2306 2339 2342 2361 ao
2365 2332 2440 2362 sehr
2459 2333 2520 2364 vie

145 2389 243 2415 etwaa
264 2395 305 2416 zu
327 2384 390 2416 den
411 2383 619 2415 offentlichen
638 2382 821 2415 luteroeeen
842 2381 999 2423 gehoreng
1018 2394 1058 2402 -
1074 2380 1173 2412 scibat
1194 2380 1299 2412 daron
1321 2379 1422 2420 nieht,
1445 2380 1505 2413 wie
1528 2380 1602 2412 sehr
1623 2390 1658 2412 cs
1681 2390 1784 2422 gegen
1803 2380 2054 2413 Schicklichkeit
2072 2383 2139 2414 und
2160 2382 2245 2415 Sitte
2263 2384 2318 2424 iat,
2341 2386 2418 2418 dns·
2437 2387 2522 2419 meh

145 2442 202 2473 der
224 2441 303 2473 zwei
325 2440 486 2482 Strophen
508 2441 625 2480 langen
647 2440 834 2480 Einleitung
857 2443 923 2470 erat
945 2440 978 2469 in
1000 2440 1055 2469 der
1075 2438 1196 2468 vierten
1218 2436 1356 2476 strophe
1378 2439 1445 2468 und
1467 2439 1511 2468 im
1528 2439 1663 2469 nveiten
1682 2438 1777 2469 Satze
1800 2440 1851 2469 die
1863 2440 1992 2470 Anrede
2009 2449 2054 2470 an
2072 2441 2135 2470 den
2148 2440 2253 2472 Pollio
2272 2444 2522 2484 nachaehleppt:

146 2497 272 2527 obwohl
294 2497 355 2527 mir
376 2498 466 2528 nicht
486 2498 674 2527 unbekannt
694 2497 755 2533 ist,
791 2497 850 2527 mit
871 2497 1012 2527 velehen
1033 2494 1252 2533 nnpaaaenden
1275 2492 1455 2533 Beiapielen
1489 2504 1565 2526 man
1586 2494 1670 2527 dies·
1692 2495 1917 2534 vertheidigen
1939 2495 2036 2527 kann.
2077 2494 2187 2528 Ueber
2209 2497 2292 2530 alle·
2314 2499 2419 2532 dieaee
2440 2499 2525 2533 lunt

147 2554 215 2587 sich
237 2554 375 2588 hernber
396 2554 463 2588 und
486 2552 624 2587 hinnber
645 2552 791 2587 atreiten.
821 2550 910 2586 Aber
931 2550 989 2584 auf
1009 2549 1073 2584 drei
1094 2548 1218 2591 Fragen
1240 2547 1313 2581 dari
1333 2556 1407 2581 man
1431 2549 1498 2581 drei
1518 2549 1711 2581 Antworten
1733 2549 1878 2589 sordem,
1902 2552 2025 2582 welche
2047 2554 2118 2583 eine
2140 2553 2355 2593 uognchkde
2376 2557 2524 2587 ‹lea-Ver-

149 2609 338 2649 theidigung
359 2610 416 2640 der
439 2611 558 2640 dritten
583 2609 720 2648 Strophe
742 2610 839 2647 ssbrig
859 2611 977 2646 lmen,
1021 2609 1218 2637 Eretena:
1244 2608 1304 2636 mit
1325 2608 1479 2637 'elehem
1501 2609 1623 2638 Rechte
1646 2614 1734 2639 traut
1756 2620 1832 2639 man
1853 2611 1925 2640 dem
1948 2610 2086 2642 Dichter
2108 2613 2179 2643 eine
2202 2622 2239 2644 eo
2260 2614 2337 2645 dick
2358 2614 2525 2654 tufgetn·

146 2677 238 2706 gene,
272 2669 353 2699 eben
375 2678 412 2699 ao
433 2667 681 2699 nnverechamte
713 2665 773 2698 wie
795 2663 1059 2706 abgeechmackte
1081 2660 1308 2695 Sebmeichelei
1340 2671 1398 2702 zu,
1431 2661 1504 2695 due
1535 2662 1595 2696 mit
1616 2663 1687 2695 dem
1709 2662 1823 2696 Feiern
1847 2665 1902 2696 de·
1925 2664 2020 2697 einen
2042 2664 2148 2698 Pollio
2178 2675 2213 2698 ea
2235 2667 2344 2710 gleich
2365 2669 2426 2701 nit
2446 2670 2527 2702 aner

147 2720 306 2762 Tragotiie
329 2722 513 2762 uberhaupt
534 2730 618 2762 ganz
639 2722 706 2753 und
727 2730 787 2761 gar
809 2729 867 2753 aua
890 2722 936 2752 aei
958 2721 1011 2751 fur
1032 2721 1087 2749 dae
1109 2717 1271 2748 Theater?
1302 2719 1336 2747 in
1368 2718 1456 2747 einer
1477 2719 1565 2754 Zeit,
1596 2720 1630 2749 in
1653 2721 1710 2749 der
1731 2721 1815 2750 noch
1839 2731 1867 2750 z.
1884 2721 1923 2751 B.
1945 2720 2064 2751 Varius
2088 2724 2177 2754 aeine
2199 2724 2373 2764 Triumphe
2396 2726 2526 2762 feiertez

149 2781 225 2810 oder
248 2781 342 2817 aber,
376 2790 470 2811 wenn
493 2780 584 2810 nicht
606 2780 657 2810 die
681 2779 843 2818 trag-iaehe
865 2779 956 2810 Mune
979 2776 1168 2814 uberhaupt,
1200 2774 1337 2806 condem
1367 2775 1448 2806 eben
1470 2783 1532 2806 nur
1553 2775 1604 2807 (lie
1627 2775 1842 2808 Pollionisehe
1864 2777 2008 2817 mmcint
2026 2776 2089 2817 iat,
2124 2780 2208 2811 nach
2230 2780 2370 2813 volebat
2392 2783 2525 2824 epuch-

149 2833 253 2866 llchen
275 2835 352 2867 oder
374 2834 539 2875 logiscben
557 2834 658 2875 Regel
688 2834 750 2866 noll
772 2834 870 2866 Hm
899 2833 954 2867 {nr
984 2837 1038 2863 Μ
1057 2831 1154 2861 um
1182 2828 1319 2861 stenen?
1363 2830 1601 2860 Zweitenet
1636 2832 1698 2861 mit
1718 2832 1872 2862 welchern
1894 2832 2016 2864 Rechts
2039 2839 2130 2865 mut
2152 2845 2227 2866 man
2249 2838 2321 2867 dem
2343 2837 2453 2868 Hom
2477 2840 2527 2869 ein

149 2898 185 2918 ao
207 2890 310 2929 vollig
330 2892 432 2921 leerea
456 2892 522 2921 und
544 2892 702 2929 nnn-siges
723 2891 898 2929 Epitheton
920 2900 977 2927 zu,
1000 2889 1057 2918 vie
1082 2896 1115 2917 ea
1137 2895 1264 2917 merae
1285 2887 1397 2917 darum
1420 2887 1483 2924 iat,
1516 2887 1590 2917 weil
1614 2896 1647 2917 es
1671 2888 1742 2918 cine
1765 2889 1885 2919 andere
1908 2889 2073 2930 tmyoeda'u
2094 2901 2156 2930 gar
2177 2893 2269 2924 nieht
2289 2891 2401 2932 giebt?
2442 2892 2528 2925 Odor

150 2943 234 2982 aber.
257 2954 350 2978 venn
372 2946 474 2978 darin-
487 2947 558 2978 eine
581 2947 764 2978 bestimmte
786 2945 971 2985 Beziehnng
993 2944 1093 2983 liegen
1117 2941 1189 2980 roll,
1222 2941 1363 2972 'eichen
1385 2939 1465 2972 Sinn
1486 2941 1544 2972 hat
1565 2950 1609 2980 es,
1641 2942 1692 2973 die
1715 2942 1880 2983 trayoedi'u
1903 2945 1952 2976 ala
1976 2954 2086 2977 severe
2107 2948 2451 2986 gegennberznatellen
2471 2949 2528 2979 der

151 2998 516 3042 Geachiehtechreibnng
543 3003 684 3042 blutiger
713 3002 963 3042 Burgerkriege,
994 3000 1049 3031 der
1068 2999 1134 3029 und
1156 2998 1258 3029 denen
1281 2998 1363 3028 doeh
1387 2998 1473 3028 wohl
1494 2998 1589 3029 keine
1610 2999 1779 3038 geringere
1801 3001 1955 3032 neverim
1986 3002 2176 3035 zukommt?
2220 3003 2437 3035 Drittenaz
2468 3003 2528 3035 vie

151 3054 218 3085 will
241 3064 313 3087 man
332 3058 489 3098 qvando
509 3067 620 3089 ama
642 3059 692 3090 ala
715 3058 866 3090 Praaicat
886 3059 943 3089 der
963 3054 1195 3087 Pollioni-eheu
1217 3053 1555 3093 Tragodiendichtnnss
1575 3055 1741 3094 schamen,
1764 3056 1847 3087 ohne
1870 3058 2016 3090 daneben
2036 3060 2117 3091 eben
2135 3060 2213 3100 Jene
2235 3058 2529 3092 emmone-enni-

152 3112 241 3150 bung
268 3113 316 3143 ala
347 3115 417 3145 eine
447 3115 571 3146 minder
601 3124 721 3154 gro-ae,
750 3115 893 3154 wnrdige
915 3112 1060 3153 Aufgabe
1089 3110 1274 3142 eraebeinen
1297 3119 1338 3141 au
1359 3109 1489 3142 laaaen'?
1521 3111 1588 3143 und
1610 3112 1671 3143 vie
1694 3112 1781 3144 diere
1805 3112 2056 3157 uene-etam
2077 3116 2138 3148 mit
2159 3117 2232 3149 den
2253 3116 2364 3149 Inhalt
2384 3117 2449 3148 und
2473 3116 2530 3148 dn

154 3166 290 3199 Absicht
312 3168 370 3201 dea
390 3178 515 3210 ganaen
538 3170 692 3204 Gedieht·
714 3167 952 3211 veniamur·
