2720 3459
1336 170 1396 217 14

168 324 404 370 Demissum,
434 321 607 378 quamvis
635 319 756 377 clipeo
786 319 956 363 Troiana
983 319 1106 362 refixo
1384 314 1595 360 Postmodo
1621 320 1657 357 te
1684 315 1785 357 natis
1813 313 1985 358 fraudem
2012 314 2270 359 committere?
2297 314 2409 359 forsit

168 389 363 445 Tempora
390 392 551 429 testatus
578 384 673 427 nihil
703 385 804 428 ultra
1386 383 1521 424 Debita
1549 384 1634 423 iura
1661 383 1835 438 vicesque
1863 380 2050 437 superbae

167 453 318 499 Nervos
346 458 458 510 atque
485 457 609 495 cutem
636 455 752 496 morti
779 458 1015 495 concesserat
1042 458 1156 499 atrae,
1384 447 1442 490 're
1468 453 1645 489 maneant
1671 448 1815 504 ipsum:
1842 446 2017 504 precibus
2044 461 2123 489 non
2148 447 2298 502 linquar
2322 448 2462 497 inultis,

168 520 297 562 Iudice
324 524 361 561 te
384 533 464 560 non
490 516 671 559 sordidus
700 524 834 560 auctor
1383 513 1517 570 Teque
1543 512 1694 570 piacula
1720 512 1827 556 nulla
1850 512 2072 556 resolvent.-

168 585 339 630 Naturae
366 585 555 640 verique«
594 583 697 627 »Sed
724 585 847 626 omnis
875 598 952 626 una
979 589 1103 625 manet
1129 595 1210 622 nox
1288 579 1339 623 15
1389 577 1651 636 »Quamquam
1668 577 1843 629 festinas,
1863 592 1942 620 non
1962 584 2020 620 est
2040 592 2147 620 mora
2165 579 2297 634 longa;
2320 579 2445 621 licebit
2497 579 2552 624 35

169 651 220 694 Et
248 649 426 695 calcanda
453 649 568 692 semel
595 652 658 692 via
686 649 783 693 leti.«
1383 644 1523 688 lniecto
1551 649 1610 687 ter
1635 643 1794 702 pulvere
1818 658 1985 687 curras.-

349 739 442 781 Alio
472 745 598 781 autem
628 739 787 781 abibunt
815 752 946 780 versus
976 735 1152 780 17—20:

789 805 891 846 Dant
918 804 1010 845 alios
1038 802 1173 844 Furiae
1200 805 1311 841 torvo
1340 800 1553 855 spectacula
1581 799 1710 847 Marti,

789 869 917 911 Exitio
945 873 1001 909 est
1028 864 1180 907 avidum
1207 879 1311 906 mare
1337 866 1483 913 nautis;

791 934 915 975 Mixta
944 945 1073 973 senum
1102 944 1146 971 ac
1173 931 1351 972 iuvenum
1378 929 1585 971 densentur
1613 929 1765 977 funera3
1793 930 1939 971 nullum

790 999 911 1041 Saeva
937 1002 1050 1053 caput
1077 996 1309 1053 Proserpina
1336 995 1446 1052 fugit.

172 1079 226 1121 V.
255 1080 293 1122 5.
324 1093 411 1120 cum
439 1077 631 1120 Meinekio
659 1076 745 1118 dedi
771 1078 953 1123 aetherias,
983 1072 1087 1130 quod
1122 1072 1181 1114 ille
1209 1073 1422 1116 necessario
1448 1072 1589 1129 requiri
1617 1070 1716 1114 clare
1742 1070 2035 1130 demonstravit,
2064 1085 2135 1128 pro
2164 1075 2306 1120 aeria-³5
2335 1087 2371 1113 v.
2400 1071 2427 1117 6
2455 1077 2554 1115 extr.

173 1152 360 1204 punctum
388 1146 427 1185 in
455 1158 602 1185 comma
621 1144 761 1183 mutavi
789 1148 825 1182 et
847 1156 881 1182 v.
905 1141 942 1183 7.
968 1149 1002 1181 et
1027 1142 1066 1181 in
1093 1149 1150 1189 ut,
1177 1139 1337 1194 denique
1365 1152 1400 1179 v.
1421 1137 1488 1183 3¹.
1517 1133 1602 1179 cum
1629 1136 1858 1193 quibusdam
1883 1136 1990 1178 libris
2017 1150 2089 1193 pro
2106 1141 2193 1190 sore
2221 1145 2254 1177 et
2280 1138 2413 1194 scripsi
2431 1141 2556 1191 forsit,

175 1211 282 1270 quod
308 1212 422 1254 etiam
451 1208 540 1252 alibi
568 1209 714 1266 saepius
741 1208 780 1249 in
806 1205 897 1248 illud
925 1204 1035 1256 abiit3
1069 1219 1157 1247 nam
1193 1203 1284 1246 mihi
1321 1203 1471 1260 quidem
1508 1213 1542 1247 et
1573 1217 1652 1247 non
1686 1217 1758 1246 suo
1792 1202 1876 1245 loco
1903 1204 2073 1259 positum
2100 1203 2267 1253 videtum
2302 1206 2441 1245 rectius
2470 1210 2556 1245 ante

175 1287 208 1321 te
234 1285 403 1319 maneant
428 1279 549 1329 ipsum
577 1273 835 1322 collocaretur,
870 1271 972 1328 quod
1005 1276 1132 1313 tamen
1165 1269 1246 1313 fieri
1273 1284 1352 1312 non
1377 1274 1516 1327 potest.
1571 1269 1745 1312 Ceterum
1772 1283 1807 1311 v.
1836 1267 1892 1313 24
1919 1269 1952 1310 si
1979 1267 2106 1313 hiatus
2133 1268 2223 1312 ferri
2249 1275 2428 1326 nequeat,
2464 1272 2556 1312 scri-

175 1343 342 1387 bendum
377 1342 540 1384 fortasse
574 1344 710 1382 ossibus
744 1343 814 1380 his
848 1341 1047 1391 capitique
1080 1340 1272 1378 inhumato.
1326 1336 1420 1378 Post
1447 1340 1567 1377 —bue
1594 1334 1700 1378 facile
1727 1338 1783 1377 his
1811 1348 1939 1378 errore
1967 1334 2140 1378 excidere
2167 1337 2311 1391 potuit,
2347 1348 2423 1391 quo
2458 1335 2556 1379 facto

175 1414 220 1451 ut
248 1422 381 1450 versus
409 1408 681 1455 restitueretur,
707 1414 740 1447 et
763 1406 960 1454 insertum,
988 1419 1059 1456 que
1085 1405 1268 1445 omissum
1295 1408 1363 1444 est.

357 1483 534 1524 Ceterum
562 1484 595 1522 si
621 1487 718 1522 recte
745 1480 791 1522 de
817 1463 889 1521 hoc
923 1481 1085 1521 carmine
1113 1479 1305 1535 disputavi
1342 1484 1379 1520 et
1413 1478 1575 1520 iudicavi
1609 1483 1722 1535 atque
1758 1491 1890 1519 versus
1921 1476 2092 1522 17-20.
2120 1480 2272 1535 spurios
2300 1493 2383 1521 esse
2410 1481 2464 1522 ita
2491 1480 2557 1523 de·

173 1552 431 1595 monstratum
453 1552 492 1589 et
512 1548 673 1590 evictum
704 1551 777 1595 est,
803 1551 847 1587 ut
872 1545 1100 1587 dubitationi
1127 1544 1235 1587 locus
1261 1543 1389 1586 nullus
1415 1544 1668 1599 relinquatur,
1696 1549 1831 1603 sponte
1860 1548 2019 1598 apparet
2044 1545 2177 1598 quanti
2202 1544 2277 1585 hoc
2304 1546 2353 1585 sit
2380 1548 2559 1587 momenti

175 1614 226 1657 ad
254 1619 375 1655 totam
402 1612 450 1654 de
478 1612 713 1669 interpolatis
741 1611 840 1667 apud
866 1611 1068 1653 Horatium
1094 1610 1188 1652 locis
1217 1611 1475 1666 quaestionem
1502 1607 1793 1659 diiudicandam.
1848 1607 1947 1650 Nam
1982 1622 2068 1650 cum
2104 1610 2142 1651 in
2170 1611 2302 1652 ceteris
2330 1611 2558 1654 carminibus

175 1681 202 1723 ii
229 1681 295 1735 qui
323 1683 467 1736 negant
494 1677 701 1734 quidquam
728 1677 990 1733 interpolatum
1018 1691 1100 1719 esse
1135 1691 1180 1718 ac
1214 1676 1308 1718 nihil
1343 1690 1421 1717 non
1455 1673 1663 1717 defendunt
1694 1676 1844 1731 vimque
1872 1681 1985 1730 atque
2013 1676 2190 1717 iniuriam
2216 1674 2377 1719 Horatio
2405 1679 2557 1734 impiam

173 1744 433 1801 nefariamque
474 1742 558 1785 fieri
599 1742 776 1793 clamant,
816 1757 891 1785 non
919 1745 998 1785 sine
1026 1742 1154 1799 aliqua
1185 1744 1263 1784 veri
1290 1743 1458 1798 iurisque
1485 1742 1608 1799 specie
1637 1740 1864 1783 adversariis
1891 1739 2084 1783 libidinem
2111 1740 2303 1798 quandam
2330 1749 2368 1785 ct
2396 1744 2558 1786 arbitra-

174 1812 275 1853 rium
303 1809 484 1852 iudicium
513 1809 660 1852 crimini
687 1808 785 1859 dare¹
802 1810 963 1866 possint,
999 1811 1088 1866 quia
1120 1823 1199 1851 non
1234 1810 1435 1857 externis,
1455 1808 1521 1850 sed
1555 1809 1713 1853 internis
1746 1809 1911 1850 maxime
1947 1809 2179 1863 argumentis
2215 1807 2255 1848 hi
2281 1810 2352 1850 niti
2378 1816 2559 1866 possunt:

174 1879 215 1918 in
243 1877 318 1918 hoc
345 1867 511 1918 carmine
536 1875 702 1917 Horatio
730 1876 812 1931 ipso
839 1876 979 1916 utimur
1006 1873 1144 1916 iudice:
1186 1875 1267 1932 ipse
1301 1874 1421 1932 ipsius
1456 1874 1630 1917 carminis
1665 1873 1789 1916 forma
1823 1887 1867 1916 ac
1899 1874 2046 1916 ratione
2080 1878 2261 1929 quattuor
2294 1876 2389 1917 istos
2425 1890 2558 1930 versus

177 1959 200 1984 a
228 1957 268 1984 se
296 1940 491 1985 abiudicat
519 1948 633 1997 atquc
661 1941 890 1983 condemnat.
945 1942 1023 1982 Iam
1058 1955 1148 1983 vero
1186 1942 1219 1982 si
1252 1940 1311 1982 vel
1346 1939 1420 1981 hoc
1454 1954 1622 1990 carmen,
1657 1940 1697 1980 in
1732 1953 1808 1996 quo
1842 1938 2105 1996 interpolatori
2137 1942 2261 1984 omnis
2295 1940 2408 1997 plane
2433 1942 2559 1986 aditus

176 2007 404 2050 interclusus
433 2005 643 2055 videretur,
689 2012 812 2048 tamen
845 2021 920 2048 non
947 2014 1003 2048 est
1030 2006 1202 2049 relictum
1229 2009 1473 2056 intentatum,
1517 2006 1609 2060 quid
1643 2008 1682 2048 in
1716 2007 1762 2047 iis
1797 2004 2027 2047 carminibus
2062 2019 2159 2060 quae
2194 2020 2273 2048 non
2300 2006 2348 2048 ab
2375 2009 2560 2050 eiusmodi

177 2078 318 2115 conatu
345 2072 500 2114 defensa
527 2076 655 2113 essent
683 2077 721 2112 et
748 2073 913 2127 potuisse
939 2071 1018 2112 fieri
1046 2077 1083 2114 et
1110 2070 1250 2113 sactum
1279 2085 1361 2113 esse
1390 2070 1637 2113 censeamus?
1692 2070 1837 2112 Verum
1881 2076 2008 2113 tamen
2047 2072 2087 2114 in
2128 2071 2202 2113 hoc
2236 2085 2372 2127 genere
2416 2080 2558 2116 rectum

176 2138 333 2180 modum
356 2136 606 2186 servandum,
634 2150 783 2178 summa
812 2150 899 2177 cura
926 2143 1035 2192 atquc
1064 2139 1238 2178 cautione
1265 2136 1449 2178 utendum
1477 2142 1590 2191 atque
1618 2136 1666 2177 ab
1683 2138 1797 2177 omni
1824 2135 1977 2178 libidine
2005 2135 2212 2178 cavendum
2241 2151 2323 2179 esse
2350 2151 2460 2179 nemo
2488 2142 2559 2181 erit

178 2206 243 2260 qui
270 2218 349 2246 non
378 2202 570 2246 concedat.

355 2280 555 2321 Postremo
584 2281 698 2320 etiam
726 2279 800 2319 hoc
828 2279 1037 2333 apparebit,
1066 2281 1104 2320 in
1132 2279 1207 2320 hoc
1234 2280 1398 2320 carmine
1432 2293 1517 2320 cum
1552 2278 1750 2336 stropham
1776 2284 1815 2319 et
1842 2277 2118 2334 antistropham
2147 2278 2369 2330 habeamus,
2406 2288 2559 2337 quater·

178 2359 315 2386 norum
340 2359 520 2385 versuum
541 2344 711 2400 strophis
735 2359 758 2385 a
777 2343 964 2385 Meinekio
986 2345 1208 2387 introductis
1230 2345 1355 2386 locum
1377 2358 1459 2386 esse
1478 2344 1642 2392 nullum,
1671 2358 1767 2400 quae
1792 2343 1847 2385 vel
1867 2345 2177 2399 interpunctionis
2198 2347 2343 2388 ratione
2365 2352 2559 2398 arcentur3

178 2424 266 2452 nain
295 2416 447 2466 praeter
473 2412 602 2453 exitus
630 2410 815 2454 orationis
843 2424 1024 2466 nusquam
1051 2417 1142 2468 post
1168 2416 1375 2467 quaternos
1404 2424 1537 2452 versus
1566 2411 1787 2451 sententiam
1815 2408 2028 2450 conclusam
2057 2408 2225 2451 videmus
2246 2425 2290 2451 ac
2310 2414 2558 2454 terminatam.

357 2486 485 2528 Habes
513 2488 609 2536 iam,
639 2485 711 2528 Vir
740 2485 970 2537 Clarissimo,
1009 2502 1132 2530 meum
1160 2487 1207 2529 de
1235 2487 1310 2529 hoc
1343 2488 1506 2529 carmine
1534 2485 1730 2534 iudicium3
1777 2487 1849 2527 iam
1884 2485 1941 2527 Te
1975 2484 2173 2528 decernere
2210 2486 2337 2538 velim,
2381 2503 2559 2532 verumne

180 2547 337 2593 viderim
380 2567 428 2593 an
472 2554 688 2594 erraverim.
744 2551 887 2593 Deinde
920 2552 994 2594 noli
1026 2555 1155 2595 mirari
1191 2552 1295 2609 quod
1330 2551 1537 2594 inultorum
1564 2553 1734 2603 virorum
1762 2551 1960 2594 doctorum
1988 2553 2153 2594 rationes
2181 2566 2224 2595 ac
2251 2554 2455 2596 sententias
2481 2568 2559 2596 non

181 2620 563 2660 commemoraverim.
607 2618 715 2661 Scito
742 2617 835 2659 mihi
861 2625 1006 2673 praeter
1033 2620 1385 2676 chricopetrinam
1414 2633 1448 2659 a.
1480 2617 1618 2667 1545„
1656 2613 1881 2665 Bentleium,
1914 2616 2078 2667 lanium,
2113 2618 2435 2675 Peerlkampium‚
2462 2620 2559 2662 Mei-

180 2682 337 2723 nekium
363 2682 457 2723 nihil
491 2685 645 2724 omnino
681 2681 936 2724 subsidiorum
970 2684 1017 2725 ad
1055 2699 1209 2727 manum
1245 2698 1345 2733 esse,
1380 2697 1450 2725 nec
1476 2696 1535 2724 mc
1562 2682 1650 2739 plus
1678 2682 1815 2724 habere
1842 2682 2023 2732 voluisse,
2058 2684 2197 2741 partim
2225 2698 2271 2726 ne
2299 2683 2450 2742 longior
2477 2699 2559 2728 esse

181 2760 340 2803 cogerer
368 2748 422 2801 (et
449 2748 522 2789 iam
551 2749 605 2790 sic
631 2747 784 2806 longior
811 2746 865 2789 fui
892 2763 1001 2804 quam
1029 2751 1311 2808 cogitaveram),
1338 2750 1479 2806 partim
1508 2755 1551 2790 ut
1578 2749 1826 2791 hebetissimis
1854 2751 1947 2791 meis
1976 2749 2096 2791 oculis
2122 2764 2333 2805 parcerem,
2362 2752 2427 2805 qui
2456 2755 2558 2793 omni

179 2827 301 2871 paene
330 2826 390 2853 me
417 2813 676 2856 lucubratione
703 2813 907 2871 prohibent
934 2817 1157 2873 omninoque
1185 2814 1312 2859 studia
1339 2828 1424 2858 mea
1449 2828 1590 2872 magno
1617 2828 1729 2872 saepe
1757 2813 1887 2858 dolore
1915 2829 1999 2858 meo
2034 2820 2208 2858 coartant
2240 2816 2431 2872 ingratum
2467 2818 2559 2859 mihi

181 2885 295 2935 atque
324 2879 525 2920 molestum
554 2881 673 2921 otium
692 2882 935 2936 imponentes.
964 2881 1085 2930 Quam
1103 2883 1153 2924 ob
1168 2897 1248 2925 rem
1270 2884 1411 2924 omissa
1435 2880 1606 2931 aliorum,
1634 2883 1746 2923 etiam
1766 2895 1899 2924 eorum
1916 2894 2081 2936 quorum
2099 2880 2375 2938 disputationes
2396 2881 2487 2939 legi,
2514 2888 2561 2925 nt

181 2959 306 3002 nuper
324 2943 590 2995 Riihrmundi,
618 2947 804 2987 mentione
833 2945 977 2988 Horatii
1004 2953 1151 2990 tantum
1178 2948 1295 2991 verba
1322 2951 1506 3004 quantum
1533 2961 1684 3004 possem
1712 2948 1898 2990 artissime
1925 2946 2130 3004 premenda
2156 2947 2299 3004 putavi,
2328 2947 2396 2990 sed
2422 2962 2473 2990 ex
2499 2948 2559 2991 his

181 3010 366 3068 quidquid
401 3012 523 3053 inesse
559 3010 652 3052 mihi
689 3010 879 3053 videretur
912 3014 1206 3070 exprimendum.
1261 3014 1368 3064 Quae
1403 3013 1526 3069 opella
1558 3028 1641 3056 mea
1675 3019 1719 3055 ut
1753 3029 1775 3055 a
1802 3014 1861 3055 Te
1889 3013 2046 3069 aliisque
2074 3015 2165 3055 viris
2193 3012 2485 3071 intelligentibus
2512 3026 2561 3056 ne‘

180 3077 419 3133 improbetur
463 3078 574 3119 etiam
622 3081 734 3134 atque
775 3078 886 3119 etiam
928 3084 1028 3135 opto.
1085 3079 1149 3121 Tu
1175 3081 1294 3137 igitur
1321 3085 1359 3122 et
1386 3078 1485 3121 hanc
1512 3078 1806 3136 disputationem
1832 3078 1924 3122 boni
1951 3078 2128 3121 consulas
2155 3083 2193 3120 et
2219 3092 2315 3134 quae
2342 3078 2389 3121 de
2418 3079 2561 3135 aliquot

179 3141 366 3199 Aeschyli
396 3142 621 3198 Supplicum
649 3148 687 3185 et
714 3141 917 3198 Sophoclis
944 3143 1033 3186 locis
1061 3147 1391 3187 commentationes
1419 3143 1662 3185 subiicientur
1690 3159 1812 3201 aequo
1842 3146 1967 3186 animo
1996 3147 2168 3201 accipias.
2206 3143 2284 3190 Sed
2311 3147 2417 3201 prius
2445 3157 2558 3201 quam
