2720 3459
1350 155 1409 200 10

364 302 495 357 Itaque
524 306 566 341 ut
593 298 745 340 tandem
775 299 867 356 quid
900 314 971 357 ego
1000 301 1159 342 sentiam
1193 300 1399 358 proferam,
1433 300 1646 341 necessario
1673 298 1836 341 duarum
1864 313 2114 356 personarum
2142 313 2351 341 sermonem
2379 314 2460 341 esse
2487 309 2565 341 sta·

189 368 368 412 tuendum
389 367 483 408 mihi
502 365 652 406 videtur
671 372 710 406 et
732 366 883 424 quidem
902 371 1039 406 nautae
1059 366 1108 407 ad
1129 366 1356 422 Archytam,
1383 365 1559 421 naufragi
1578 365 1734 405 alicuius
1756 365 1806 406 ad
1824 370 1991 406 nautam.
2027 364 2105 406 Sed
2130 366 2353 421 priusquam
2381 365 2455 425 hoc
2479 365 2566 422 plu-

188 436 294 478 ribus
316 447 525 490 exponam,
548 430 594 473 de
617 431 890 488 antistrophica
911 433 1085 474 carminis
1105 434 1248 474 ratione
1269 445 1399 486 quam,
1425 436 1470 473 ut
1492 430 1731 486 supradixi,
1763 430 1856 473 mihi
1873 432 2085 486 repperisse
2102 429 2234 472 videor
2255 444 2299 472 ac
2319 430 2366 473 de
2386 435 2568 486 quattuor

188 514 367 543 versuum
397 497 566 542 17-20,
597 497 886 553 interpolatione
913 497 1109 538 dicendum
1136 503 1241 552 puto.
1284 496 1380 537 Nam
1408 495 1510 537 illam
1537 498 1569 537 si
1596 495 1828 552 probavero,
1856 502 1895 537 et
1920 496 1992 536 hos
2021 510 2172 545 versus,
2200 509 2428 551 quamquam
2454 498 2566 538 etiam

187 567 270 610 aliis
298 565 531 622 argumentis
559 561 807 612 damnantur,
843 570 977 618 sponte
1013 562 1207 619 apparebit
1239 576 1314 602 non
1348 575 1461 617 posse
1496 560 1544 602 ab
1582 561 1744 603 Horatio
1777 560 1968 617 profectos
1996 575 2095 611 csse,
2128 566 2166 602 et
2191 567 2329 602 nautae
2357 563 2565 603 orationem

187 631 237 674 ad
265 646 299 671 v.
333 629 392 674 16.
421 642 544 684 usque
571 630 779 685 pertinere,
807 627 974 683 reliquos
1000 633 1121 669 autem
1149 640 1280 668 versus
1307 624 1482 681 naufragi
1510 639 1593 667 esse
1621 627 1823 668 evincetur.
1851 626 1982 681 Atque
2010 628 2122 668 etiam
2149 626 2340 668 Meinekio
2367 640 2426 668 me
2454 641 2565 683 spero

187 697 484 744 satisfacturum,
519 696 587 750 qui
615 696 654 735 in
684 693 882 749 philologo
911 693 934 735 l.
963 693 986 734 l.
1020 694 1221 733 rectissime
1249 690 1517 746 plerorumque
1556 693 1741 732 rationem
1786 693 1892 748 gravi
1935 691 2225 747 reprehensione
2260 693 2424 739 notavit,
2459 694 2566 734 cuius

188 763 303 804 verba
331 760 431 802 infra
459 762 499 801 in
527 762 771 800 annotatione
800 759 950 799 subieci.
960 759 990 811 ⁶)
1233 765 1255 792 κ

369 826 447 867 lam
476 825 792 876 Buttmannus”)
820 829 918 865 recte
948 823 1091 863 viderat
1116 822 1314 862 Horatium
1344 821 1469 876 ipsum
1498 823 1767 876 pronominum
1804 821 1881 863 TE
1908 836 1943 862 ν.
1977 823 2010 863 1.
2047 828 2084 863 et
2119 822 2200 864 ME
2229 837 2262 862 v.
2292 823 2356 865 21.
2383 825 2569 878 positione

194 906 346 934 carmen
374 891 538 932 duarum
566 891 731 947 partium
759 903 840 930 esse
869 887 1076 944 significare
1106 885 1279 926 voluisse.
1309 884 1427 925 Cuius
1456 884 1749 941 disputationem
1779 900 1863 926 cum
1891 888 2056 942 primum
2084 886 2263 942 legerem,
2291 889 2362 928 nisi
2393 891 2570 930 memoria

192 974 251 1001 me
281 958 394 1006 fallit,
431 973 464 999 a.
497 956 635 1005 1836„
672 958 744 996 iam
772 960 851 995 tum
880 956 1035 995 miratus
1063 967 1164 1001 sum,
1199 950 1303 1007 quod
1331 951 1402 992 hae
1431 951 1528 993 duae
1555 957 1684 1007 partes
1711 965 1790 992 non
1817 958 1944 993 essent
1971 952 2164 1007 aequales,
2200 952 2268 994 sed
2294 955 2402 1009 prior
2427 956 2571 1011 viginti,

190 1025 311 1067 altera
340 1023 504 1065 sedecim
531 1036 728 1070 versuum3
756 1019 822 1062 sed
850 1021 937 1074 quia
964 1024 1043 1060 tum
1070 1018 1270 1059 Horatium
1298 1031 1376 1058 non
1403 1017 1630 1067 tractabam,
1657 1016 1762 1059 facile
1790 1032 1872 1059 eam
1901 1032 2031 1059 curam
2059 1017 2194 1060 dimisi.
2225 1018 2368 1063 Verum
2391 1026 2477 1061 ante
2498 1020 2570 1062 hos

192 1087 499 1148 quattuordecim
527 1101 646 1130 annos
675 1101 758 1129 cum
786 1086 988 1128 carminum
1016 1083 1132 1126 libros
1160 1097 1205 1125 eo
1234 1081 1390 1125 consilio
1419 1081 1599 1140 legerem,
1627 1087 1670 1124 ut
1692 1096 1788 1139 quae
1817 1087 1884 1125 aut
1911 1083 2042 1140 spuria
2070 1088 2138 1125 aut
2156 1088 2332 1141 suspecta
2355 1083 2446 1126 mihi
2467 1082 2570 1127 vide-

190 1164 326 1198 rentur
353 1161 546 1203 notarem,
583 1153 750 1194 versibus
782 1151 954 1199 17-20,
990 1152 1054 1206 qui
1081 1149 1127 1191 de
1154 1149 1327 1205 pluribus
1355 1151 1480 1190 causis
1508 1149 1696 1190 subditicii
1724 1149 1816 1190 mihi
1842 1149 2085 1198 videbantur,
2120 1151 2244 1191 eiectis
2273 1150 2478 1205 aequalitas
2507 1151 2571 1192 illa

191 1222 284 1262 mihi
314 1223 491 1261 restituta
515 1225 584 1260 est.
613 1219 843 1273 Supererant
869 1223 992 1257 tamen
1021 1218 1229 1263 etiamtum,
1258 1229 1354 1269 quae
1381 1215 1538 1255 dubium
1566 1229 1624 1255 me
1652 1214 1816 1256 facerent
1843 1215 1890 1255 de
1919 1214 2073 1256 alterius
2099 1218 2219 1269 partis
2246 1229 2427 1270 persona,
2456 1231 2568 1271 quam

192 1286 393 1342 Archytae
421 1298 504 1325 esse
533 1298 609 1325 non
637 1297 748 1338 posse
776 1298 914 1334 quoque
941 1279 1124 1337 particula
1150 1296 1185 1321 v.
1214 1281 1278 1322 21.
1307 1278 1567 1321 demonstrare
1596 1278 1804 1321 videbatur.
1850 1279 2050 1321 Praeterea
2078 1279 2279 1322 haerebam
2307 1282 2419 1322 etiam
2447 1295 2482 1322 v.
2512 1282 2562 1330 7.,

191 1351 296 1407 quod
326 1349 442 1391 verba
471 1352 601 1389 occidit
627 1357 660 1388 et
684 1350 827 1399 Pelopis
853 1350 987 1398 genitor
1014 1350 1095 1386 cett.
1125 1359 1208 1386 cum
1237 1344 1472 1402 praecedenti
1501 1346 1672 1386 oratione
1699 1344 1792 1386 male
1822 1350 1889 1386 aut
1916 1346 2069 1385 omnino
2097 1359 2176 1386 non
2203 1345 2457 1387 cohaererent
2488 1345 2565 1388 Sed

199 1424 281 1458 tum
310 1416 403 1457 haec
429 1428 510 1455 non
537 1415 591 1454 ita
617 1418 836 1468 persecutus
864 1426 946 1452 sum
974 1410 1213 1465 inquirendo,
1253 1416 1295 1451 ut
1323 1410 1406 1452 illas
1434 1411 1525 1452 mihi
1551 1409 1788 1452 difficultates
1816 1410 1995 1452 tollerem.
2051 1410 2222 1452 Tandem
2253 1416 2434 1465 quattuor
2461 1414 2569 1453 annis

193 1487 281 1536 post
307 1493 414 1527 cum,
449 1483 495 1520 ut
522 1491 660 1533 supra
668 1476 767 1526 dixi,
801 1475 1087 1532 antistrophicae
1116 1477 1289 1517 carminis
1317 1477 1475 1516 rationis
1503 1477 1614 1517 etiam
1643 1475 1715 1518 alia
1743 1481 1919 1531 certaque
1948 1475 2083 1517 indicia
2110 1477 2378 1531 repperissem,
2413 1479 2570 1533 contigit

193 1546 284 1588 mihi
310 1551 354 1586 ut
380 1546 545 1600 priorem
574 1542 847 1584 dubitationem
875 1541 1102 1591 dirimerem
1130 1541 1284 1583 alteram
1310 1556 1433 1597 nuper
1460 1540 1610 1582 demum
1639 1541 1838 1583 sustulisse
1867 1541 1959 1582 mihi
1985 1541 2128 1583 videor.

368 1609 559 1666 Tragicos
589 1608 820 1651 Graecorum
850 1612 980 1664 poetas
1008 1612 1154 1649 constat
1180 1608 1219 1649 in
1246 1606 1525 1665 antistrophicis
1555 1606 1804 1658 carminibus,
1839 1621 1915 1664 quo
1944 1606 2216 1665 antistrophica
2244 1608 2342 1650 ratio
2372 1609 2492 1666 magis
2521 1607 2568 1650 ad

198 1691 308 1720 aures
336 1676 540 1725 accideret,
583 1689 696 1731 saepe
732 1688 868 1730 magna
904 1688 994 1715 cura
1021 1680 1057 1715 et
1085 1683 1163 1715 arte
1197 1688 1276 1715 rem
1309 1676 1360 1715 ita
1394 1676 1618 1723 instituisse,
1661 1679 1706 1715 ut
1740 1680 1806 1716 aut
1843 1673 1952 1716 iidem
1981 1682 2049 1715 aut
2082 1674 2220 1716 similes
2256 1674 2456 1716 verborum
2484 1677 2567 1715 soni

191 1745 322 1786 iisdem
349 1745 549 1798 utriusque
577 1744 699 1798 partis
727 1741 818 1782 locis
848 1740 1084 1790 audirentur,
1126 1741 1327 1796 eodemque
1367 1741 1586 1797 plerumque
1626 1742 1737 1782 etiam
1779 1742 2095 1790 enuntiationum,
2139 1741 2410 1790 membrorum,
2452 1743 2567 1783 inter-

192 1809 407 1866 punctionis
436 1806 700 1862 aequalitatem
735 1804 926 1855 accedere,
957 1805 1054 1847 unde
1088 1821 1164 1847 non
1196 1820 1283 1847 raro
1318 1808 1563 1848 certissimum
1597 1807 1786 1862 corruptis
1819 1805 1911 1848 loeis
1938 1805 2180 1848 emendandis
2207 1805 2463 1848 adiumentum
2490 1808 2567 1863 peti

192 1879 329 1933 potest.
373 1872 473 1914 ldem
505 1885 644 1929 magna
671 1885 720 1912 ex
747 1875 857 1927 parte
886 1869 933 1911 ab
962 1869 1118 1911 Horatio
1146 1870 1283 1912 factum
1311 1870 1478 1912 videmus
1505 1872 1545 1912 in
1572 1873 1725 1929 egregio
1752 1870 1817 1912 illo
1844 1872 2007 1913 carmine
2035 1871 2236 1912 amoebaeo
2265 1871 2327 1914 111.
2355 1871 2392 1915 9.
2438 1871 2567 1913 Simile

366 2004 398 2047 ')
422 2009 521 2047 „Was
542 1981 805 2047 dig-suffusum
826 2007 884 2039 der
902 2007 982 2039 eben
1005 2007 1177 2039 bernhrten
1191 2006 1259 2039 Ode
1280 2008 1324 2039 im
1347 2007 1569 2048 Aligemeinen
1590 2007 1724 2047 betrifft,
1751 2017 1786 2040 so
1810 2009 1854 2040 iet
1875 2008 2084 2056 bekanutlich
2106 2008 2140 2040 iu
2159 2008 2311 2048 jengster
2332 2008 2404 2040 Zeit
2427 2009 2477 2040 die
2500 2009 2567 2055 dia-

191 2068 331 2109 logisehe
359 2066 454 2097 Form
484 2066 539 2096 des
572 2063 727 2095 Gedichta
759 2065 794 2094 in
824 2063 1087 2103 umfaugreichen
1118 2064 1373 2104 Abhandlungeu
1401 2074 1466 2095 von
1497 2073 1611 2094 neuem
1644 2064 1770 2104 eifriget
1799 2065 1975 2105 behauptet
2003 2066 2142 2095 worden.
2187 2063 2279 2094 Ohne
2311 2064 2397 2094 mich
2419 2064 2477 2094 auf
2497 2065 2566 2095 eine

190 2123 419 2162 Widerlegung
442 2122 545 2153 dieser
567 2120 708 2151 Ansicht
729 2122 763 2150 in
787 2120 874 2150 allen
897 2119 990 2150 ihren
1016 2120 1224 2158 unlogiechen
1247 2119 1359 2150 Streif-
1382 2121 1447 2150 und
1470 2118 1660 2159 Querzfigen
1683 2120 1894 2158 einzulaeeen,
1927 2121 1994 2151 will
2016 2121 2069 2151 ich
2091 2129 2133 2151 an
2155 2121 2223 2151 ihre
2245 2119 2410 2151 Vertreter
2432 2130 2493 2151 nur
2515 2122 2565 2151 die

191 2179 293 2219 Frage
312 2178 446 2216 richten‚
469 2177 528 2207 wie
551 2168 597 2206 eie
621 2176 682 2206 den
701 2174 836 2206 Dichter
858 2183 962 2215 gegeu
986 2175 1048 2205 den
1071 2173 1223 2205 Vorvurf
1241 2175 1327 2205 einer
1350 2175 1450 2205 durch
1471 2176 1536 2206 und
1559 2176 1661 2206 durch
1678 2175 1989 2214 unkcnatloriuehen,
2005 2176 2084 2206 aller
2097 2174 2303 2207 Concinnitat
2321 2176 2564 2215 ermangelnden

193 2234 412 2274 Composition
441 2234 475 2264 in
509 2232 628 2264 Schntz
658 2232 797 2263 nehmen
828 2229 968 2263 vollen?
1014 2231 1086 2262 Wie
1109 2230 1216 2262 Hom
1239 2231 1289 2263 die
1313 2231 1508 2270 dialogieche
1529 2232 1623 2263 Form
1646 2233 1732 2263 einer
1754 2231 1824 2263 Ode
1848 2233 2028 2270 behandelt,
2067 2233 2123 2264 hat
2145 2241 2179 2264 er
2200 2233 2244 2264 im
2266 2236 2407 2265 neunten
2430 2232 2566 2265 Gedicht

193 2292 258 2322 dee·
272 2291 391 2321 dritten
414 2289 520 2319 Buche
542 2288 680 2327 gezeigt.
726 2287 798 2318 Wie
822 2287 890 2318 will
913 2296 986 2317 meu
1010 2295 1044 2317 ee
1067 2285 1174 2317 fei-ner
1186 2287 1254 2329 Jnit
1275 2285 1518 2317 denGmtzen
1541 2288 1628 2317 einer
1649 2287 1875 2326 vernnnftigen
1898 2287 2144 2326 Interpretation
2168 2288 2362 2328 vereinigen,
2399 2298 2491 2320 vanu
2513 2289 2563 2320 die

194 2347 304 2377 warte
325 2344 463 2385 pulveris
486 2343 591 2385 esc-'9¹⁵⁸'
612 2343 749 2374 cohibent
771 2347 799 2373 te
820 2352 952 2373 munem
974 2343 1037 2373 den
1059 2341 1140 2373 siun
1162 2342 1267 2373 haben
1289 2343 1417 2384 eollten,
1440 2342 1601 2384 Archyta·
1623 2344 1707 2382 liege
1725 2344 1795 2374 hier
1816 2344 2015 2383 unbeerdigt,
2038 2345 2104 2375 und
2121 2345 2210 2376 nicht
2227 2345 2381 2376 vielmehr
2399 2347 2471 2383 den,
2490 2347 2563 2377 du·

194 2402 363 2441 Archytas,
386 2401 442 2431 der
460 2400 519 2430 mit
541 2400 659 2430 ceinem
684 2398 775 2429 Geiat
797 2399 848 2430 die
873 2398 960 2429 Welt
981 2397 1118 2429 umfasnt
1141 2397 1232 2435 habe,
1259 2398 1344 2437 jetzt
1365 2397 1423 2428 auf
1444 2399 1505 2429 den
1525 2398 1628 2429 Reum
1651 2399 1737 2430 eines
1760 2399 1916 2438 winzigen
1940 2399 2061 2431 Grnbe·
2085 2401 2278 2432 becchrtnkt
2298 2399 2366 2432 nei?
2410 2401 2471 2432 Die
2492 2400 2562 2432 Un-

196 2456 391 2486 haltbarkeit
419 2456 511 2495 jener
539 2455 722 2493 Erklssrung
756 2455 868 2493 zeigen
894 2454 933 2493 je
965 2453 1108 2484 deutlich
1140 2461 1249 2492 genng
1280 2453 1330 2484 die
1359 2452 1532 2492 folgenden
1554 2453 1713 2494 Beiepiele
1741 2464 1805 2485 von
1828 2456 1884 2486 der
1905 2456 2180 2488 unabwendbereu
2201 2457 2485 2497 Nothwendigkeit
2506 2459 2561 2488 dee

194 2513 308 2544 Todec.
351 2511 426 2544 Und
448 2522 514 2543 nun
536 2521 596 2551 gu·
617 2512 675 2543 das
699 2515 727 2542 te
748 2511 849 2542 iudico
871 2512 915 2542 im
937 2510 1056 2542 Mundo
1079 2511 1135 2542 dee
1159 2508 1340 2550 Archytae!
1378 2508 1454 2540 Wer
1476 2509 1544 2541 sich
1567 2519 1602 2541 so
1625 2509 1683 2541 auf
1702 2511 1759 2542 das
1782 2509 1909 2542 Urtheil
1932 2511 2018 2543 eines
2041 2511 2172 2543 Andern
2193 2512 2310 2549 beruft,
2333 2513 2392 2544 wie
2415 2513 2483 2544 hier
2500 2514 2560 2544 Ar·

196 2569 308 2609 chytas
333 2568 413 2600 thun
434 2568 553 2606 warde,
577 2568 633 2598 der
654 2567 741 2598 kann
764 2567 822 2598 dae
845 2576 914 2606 nur,
937 2575 1033 2598 wenn
1056 2566 1160 2598 dieser
1181 2565 1320 2604 Auden-e,
1342 2566 1401 2597 wie
1422 2566 1492 2597 hier
1515 2566 1570 2597 der
1593 2564 1734 2605 schiffer,
1757 2567 1825 2599 sein
1842 2566 1969 2599 Urtheil
1992 2569 2072 2600 fiber
2089 2569 2139 2600 die
2162 2567 2273 2608 stobe,
2296 2578 2350 2601 um
2372 2569 2423 2600 die
2442 2577 2475 2600 ee
2493 2569 2560 2600 sich

196 2624 338 2660 handelt,
361 2624 428 2654 also
451 2623 520 2653 hier
543 2621 625 2654 iiber
647 2623 698 2654 die
723 2622 878 2653 Weisheit
900 2623 956 2653 dee
980 2622 1192 2663 Pythagoraa,
1215 2621 1363 2652 wiskuoh
1385 2622 1639 2661 eusgeeprochen
1657 2623 1724 2654 hat.
1755 2622 1828 2654 Und
1847 2625 1903 2655 dne
1926 2624 2014 2655 hatte
2036 2624 2198 2665 Archytae
2221 2625 2254 2655 iu
2271 2625 2380 2656 eeinen
2399 2623 2560 2656 Schriften

196 2680 327 2719 gethan.
372 2678 432 2709 Die
453 2679 653 2718 Erkflrung,
677 2679 757 2717 „wie
780 2679 883 2709 selbot
905 2680 957 2716 du,
980 2680 1031 2709 ein
1053 2679 1276 2717 ungebildeter
1298 2677 1443 2715 Semifer,
1465 2679 1608 2717 zngeben
1629 2675 1746 2718 γίνεθ’,
1768 2680 1812 2711 iet
1833 2681 1992 2711 durchaus
2015 2681 2232 2712 villkuhrlich
2253 2682 2319 2712 und
2337 2681 2474 2712 verleiht
2487 2682 2558 2712 dem

196 2734 371 2766 Ausdruek
392 2735 461 2765 eine
482 2734 648 2773 Fax-hung,
679 2735 730 2765 die
752 2734 812 2765 mit
833 2735 905 2765 dem
929 2733 1097 2765 Gebrauch
1118 2734 1334 2765 unvereinhar
1356 2733 1410 2764 iet.
1455 2733 1516 2764 nit
1537 2735 1637 2766 einem
1660 2735 1766 2774 Wort,
1799 2746 1832 2767 ee
1854 2737 1898 2768 iet
1919 2737 1994 2768 kein
2016 2737 2179 2769 Verctnnd
2199 2738 2232 2768 in
2255 2738 2326 2769 dem
2348 2746 2473 2777 genten
2496 2736 2559 2768 Ge-

195 2792 302 2832 dicht‚
334 2800 427 2823 wenn
457 2800 491 2822 ee
520 2791 609 2822 nicht
637 2800 702 2822 von
724 2790 856 2832 Ansang
878 2792 927 2823 bic
950 2800 992 2822 zu
1012 2791 1103 2822 Ende
1135 2799 1200 2822 von
1223 2790 1310 2822 einer
1331 2791 1398 2822 und
1419 2790 1584 2822 deselben
1605 2791 1725 2824 Person
1753 2793 1948 2834 geaprochen
1976 2794 2113 2834 gedecht
2143 2794 2235 2826 wirdc
2277 2792 2346 2826 Dee
2368 2801 2435 2824 war
2456 2793 2559 2826 sicher

194 2849 278 2879 auch
301 2843 465 2886 Bentley’e
488 2847 632 2883 Annicht,
664 2849 720 2877 der
743 2848 792 2877 die
815 2852 1118 2886 entgegengenetzte
1140 2847 1295 2886 Meinung
1316 2857 1358 2878 zu
1379 2847 1570 2885 widerlegen
1592 2848 1681 2879 nicht
1702 2849 1817 2879 einmal
1840 2851 1896 2880 der
1910 2849 2016 2880 'nahe
2038 2850 2139 2880 worth
2162 2846 2275 2880 hielt.“

371 2908 419 2951 ⁰⁰)
451 2888 627 2946 Βιῗειωιιιιι
657 2913 861 2954 Mythologus
885 2914 926 2946 11.
957 2924 988 2955 p.
1011 2909 1088 2946 370.
1129 2914 1221 2953 „Den
1243 2913 1474 2954 vonnglichen
1495 2913 1715 2955 Herausgeber
1737 2915 1923 2955 Tonantius
1947 2898 2127 2956 l‘ehrteder
2148 2916 2311 2948 Eindruck
2334 2917 2390 2948 des
2414 2915 2556 2955 Ganzen,

193 2972 269 3001 duo
293 2971 350 3001 dne
374 2969 513 3000 Gedicht
535 2969 568 2999 in
591 2969 669 2999 zvei
691 2969 823 3000 Halften
846 2971 985 3001 zerfalle.
1030 2970 1124 3000 Noch
1145 2971 1203 3000 hat
1223 2971 1316 3009 aber,
1348 2979 1384 3000 eo
1414 2969 1478 3000 viel
1509 2970 1559 3000 ich
1588 2973 1697 3010 weiss,
1729 2973 1878 3004 niemnnd
1909 2973 1968 3004 auf
1996 2961 2057 3003 den
2088 2969 2268 3007 *tlichen
2291 2972 2479 3012 Fingerzeig
2500 2974 2555 3003 dee

195 3027 362 3066 Dichters,
386 3027 462 3059 dan
486 3026 553 3058 dies
577 3034 612 3058 co
635 3026 699 3064 cei,
722 3025 932 3059 cufmerksam
955 3027 1121 3067 gemacht,
1145 3026 1282 3058 welcher
1302 3027 1338 3059 in
1361 3027 1418 3058 der
1440 3025 1623 3068 Abfusung
1644 3028 1740 3069 liegt:

1095 3093 1126 3112 v.
1154 3079 1184 3113 1.
1213 3083 1268 3112 ΤΕ
1286 3082 1387 3113 moris
1408 3086 1439 3112 ιι
1460 3085 1562 3112 carrae
1584 3102 1628 3107 .-

1070 3149 1102 3170 v.
1123 3134 1179 3172 21.
1202 3139 1270 3172 ME
1290 3148 1406 3181 quoque
1429 3133 1510 3169 --.“
1723 3164 1744 3190 ὁ
