2720 3459
1343 109 1405 156 20

717 257 765 298 V
793 258 905 302 5¹8³
935 258 1086 299 νέωσον
1114 257 1282 315 εὔφρον’
1310 257 1461 299 αἶνον.

338 321 457 364 Αἶνον
476 325 508 364 31
527 328 640 378 poeta
660 326 822 379 scripsit,
842 323 1079 366 referendum
1099 324 1173 366 hoc
1194 331 1252 366 est
1273 339 1318 367 eo
1342 331 1386 366 ut
1407 324 1576 379 Iuppiter
1596 329 1752 366 vocetur
1771 340 1815 366 ac
1833 324 2015 379 probetur
2034 324 2339 399 πολυμνήστωρ,
2362 324 2561 379 ἐφάπτωρ

182 384 302 437 Ἰοῦς,
338 387 505 445 dumque
540 385 653 430 talem
689 401 731 431 se
762 392 946 446 praestet,
978 387 1258 432 benevolentiae
1294 388 1444 432 laudem
1478 392 1651 438 renovet,
1691 394 1730 431 et
1764 386 1949 446 εὔφρονα
1988 387 2174 446 supplices
2206 389 2373 446 virgines
2406 392 2561 446 spectat.

188 452 411 495 Contortior
444 458 567 495 tamen
605 458 664 495 est
697 454 790 496 haec
824 456 942 504 ratio,
978 467 1091 511 quam
1128 455 1177 497 ob
1210 468 1289 498 rem
1326 455 1415 496 mihi
1451 453 1599 495 αἶσαν
1626 454 1865 497 scribendum
1892 454 2059 496 videtur:
2092 468 2223 495 renova
2250 457 2423 503 hilarem,
2436 458 2563 496 laetam

188 523 291 560 nobi-s
313 529 518 561 30113113-
535 518 711 562 Ceterum
738 522 778 562 in
806 521 1001 576 strophico
1031 535 1141 563 versu
1168 523 1261 564 511.
1290 521 1361 567 suit
1388 534 1472 562 cum
1498 533 1571 575 pro
1599 518 1724 562 πιθοῦ
1752 522 1823 573 (313
1847 526 1946 562 recte
1973 520 2101 562 Herm.
2129 519 2279 562 iubente
2307 521 2560 576 antistropha)

187 596 239 623 τε
267 583 345 623 καὶ
372 581 598 635 γενέσθω
627 585 855 626 coniicerem
873 583 1011 634 πιθοῦ,
1037 585 1163 625 λιταὶ
1191 583 1475 626 τελείσθων.
1504 582 1561 625 Cf.
1590 583 1713 643 Soph.
1743 584 1838 627 Oed.
1865 584 1912 626 R.
1940 600 1976 625 v.
2007 583 2123 628 1064.
2154 584 2270 627 1414.

602 649 650 692 V.
678 649 772 695 605.
800 664 871 693 ss.:
899 651 1045 692 τοιαῦτ’
1071 650 1234 693 ἀκούων
1254 664 1399 708 χερσιν
1421 647 1601 706 Ἀργεῖος
1627 650 1734 697 λεὼς

899 714 1034 771 ἔκραν’
1061 713 1158 757 ἄνευ
1185 715 1385 773 κλητῆρος
1408 716 1478 760 ὡς·
1503 714 1605 757 εἶναι
1634 716 1743 758 τάδε.

903 779 1164 838 δημηγόρους
1188 779 1233 821 δ’
1258 779 1476 839 ἤκουσεν
1503 778 1763 827 εὐπειθεῖς
1787 781 1975 838 στροφὰς

899 845 1031 905 δῆμος
1055 844 1288 901 Πελασγῶν
1316 845 1426 893 Ζεὺς
1451 845 1493 889 δ’
1520 846 1789 905 ἐπέκρανεν
1816 847 1938 894 τόίος.

188 913 230 953 111
257 913 319 954 his
347 916 513 969 primum
541 928 576 955 v,
605 914 697 958 606.
723 927 795 970 pro
822 914 888 958 ὡς
912 913 1040 955 1113Ιί111
1068 912 1160 964 ὧδ’,
1189 918 1242 954 εἰσ
1269 923 1309 954 ut
1334 917 1423 953 dia-i.
1466 913 1518 955 Et
1545 916 1747 955 sententiae
1775 928 1834 955 vv,
1862 912 1954 957 607.
1982 913 2020 958 8.
2049 915 2141 954 vitio
2168 919 2206 955 et
2232 914 2327 955 male
2354 914 2560 969 productae

184 977 371 1021 secundae
405 978 511 1021 verbi
547 978 765 1035 ἐπέκρανεν
798 977 965 1034 syllabae
999 983 1130 1021 notato
1165 978 1422 1028 Hermannus,
1457 980 1547 1035 quia
1580 979 1675 1021 solvi
1710 980 1834 1021 contio
1869 971 2058 1027 debuerit,
2099 992 2171 1035 pro
2205 977 2379 1035 ἤκουσεν
2411 980 2563 1035 scripsit

186 1040 380 1094 ἔλυσεν,
409 1058 494 1086 311111
513 1043 748 1086 Blomfieldio
769 1042 962 1094 εὖπιθεῖς,
987 1049 1042 1094 31,
1070 1045 1158 1099 quia
1178 1042 1335 1086 Danaus
1363 1045 1457 1087 scire
1477 1058 1563 1100 ,non
1587 1046 1752 1101 potuerit
1771 1043 2036 1101 comprobasse
2057 1043 2149 1086 haec
2171 1042 2313 1093 lovem,
2341 1043 2408 1086 sed
2428 1051 2560 1101 optare

185 1107 321 1149 debeat
347 1114 392 1150 ut
418 1110 653 1165 comprobet,
680 1124 714 1150 v.
742 1109 833 1154 608.
862 1108 972 1154 Ζεὺς
998 1109 1053 1150 δὲ
1081 1111 1312 1165 κράνειεν
1339 1109 1491 1154 τέλος.
1524 1109 1609 1165 Ego
1635 1111 1794 1165 propius
1823 1108 1872 1150 ad
1900 1108 2015 1149 libros
2043 1122 2102 1149 me
2131 1109 2322 1164 applicans
2352 1109 2495 1150 malim:

846 1174 1112 1251 δημηγόρους
1137 1174 1178 1215 δ’
1204 1172 1432 1232 ᾔστωσεν
1459 1173 1643 1219 εὐπιθεῒς
1667 1174 1854 1253 στροφὰς

844 1233 978 1294 δῆμος
1002 1238 1235 1294 Πελασγῶν
1262 1238 1372 1285 Ζευς
1396 1238 1452 1281 δέ
1480 1240 1515 1293 γ’
1543 1237 1597 1281 εὖ
1624 1240 1805 1295 κράναι
1834 1239 1957 1285 τέλος.

185 1304 356 1361 Populus
380 1307 682 1347 contionatorum
703 1304 826 1348 Danai
850 1305 1088 1362 filiarumque
1108 1307 1188 1348 eius
1207 1307 1456 1362 receptionem
1484 1304 1781 1347 dissuadentium
1810 1310 1909 1347 artes
1932 1306 2119 1346 oratorias
2147 1304 2196 1346 ad
2217 1304 2374 1347 nihilum
2402 1306 2557 1363 redegit.

714 1371 762 1410 V.
792 1371 885 1413 614.
916 1385 986 1410 33..
1016 1373 1085 1410 νῦν
1114 1372 1181 1411 ὅτε
1208 1372 1286 1410 καὶ
1314 1370 1408 1411 θεοὶ
1435 1371 1636 1424 Διογενεῖς
1660 1370 1803 1410 κλύοιτ’
1830 1370 1892 1410 εὐ-

1014 1440 1130 1478 κταῖα
1158 1437 1261 1489 γένει
1282 1437 1483 1492 χεούσας·

1010 1502 1165 1559 μήποτε
1192 1502 1419 1560 πυρίφατον
1446 1502 1531 1546 τὰν
1557 1499 1834 1557 Πελασγίαν
1860 1500 1998 1545 πόλιν

1016 1570 1084 1608 τὸν
1110 1568 1264 1626 ἄχορον
1290 1569 1399 1622 βοὰν
1426 1568 1555 1609 κτίσαι
1580 1568 1735 1626 μάχλον
1754 1564 1864 1625 Ἄρη’.

185 1631 264 1674 Καί
287 1649 323 1675 V.
352 1633 444 1677 614.
474 1633 567 1689 quid
594 1634 665 1675 sibi
692 1635 782 1676 velit
809 1649 887 1676 non
914 1634 1098 1690 intelligo:
1136 1636 1261 1690 itaque
1293 1651 1389 1689 μου
1418 1641 1485 1676 3111
1510 1635 1593 1689 μάν
1627 1633 1863 1676 scribendum
1890 1638 1996 1689 puto.
2054 1633 2217 1676 Gravius
2245 1650 2336 1676 vero
2364 1642 2557 1691 peccatum

183 1712 219 1740 v.
245 1698 337 1744 616.
367 1705 405 1742 31
431 1705 563 1742 contra
588 1705 751 1742 metrum
780 1704 818 1743 et
844 1706 975 1742 contra
1002 1702 1221 1743 sententiam
1250 1713 1293 1743 ac
1320 1700 1647 1743 constructionem.
1703 1698 1942 1742 Hermannus
1985 1700 2094 1742 metri
2136 1698 2272 1742 indicio
2306 1703 2480 1757 posuisse
2517 1715 2558 1744 se

185 1765 275 1805 dicit
302 1765 449 1807 τάνδε
477 1764 761 1819 Πελασγίαν
788 1765 911 1807 deleto
940 1766 1057 1816 πόλιν,
1086 1773 1197 1822 atque
1224 1772 1262 1808 et
1289 1773 1409 1808 metro
1437 1772 1475 1807 et
1494 1768 1674 1808 sententia
1691 1765 1906 1821 postulante
1934 1766 2021 1806 τὰν
2040 1764 2206 1823 ἄχορον.
2237 1766 2379 1822 Optare
2399 1768 2558 1810 chorum

186 1845 233 1871 ne
252 1830 346 1872 urbs
365 1833 517 1872 incensa
539 1830 711 1886 deploret
731 1830 863 1872 caedes
884 1831 1158 1886 proeliantium.
1188 1831 1404 1887 Verborum
1426 1830 1594 1872 ordinem
1614 1830 1810 1872 ostendere
1836 1830 1927 1872 haec
1946 1836 2048 1872 recta
2071 1833 2242 1873 oratione
2262 1834 2314 1874 sic
2333 1832 2556 1888 procedere:

183 1895 341 1951 μήποτε
368 1895 445 1953 ἥδε
472 1894 677 1949 Πελασγία
706 1896 777 1953 τὴν
804 1895 958 1954 ἄχορον
983 1896 1089 1951 βοὰν
1115 1899 1275 1948 κτίσειε,
1301 1897 1450 1952 βοῶσα
1475 1896 1630 1955 μάχλον
1648 1892 1755 1954 Ἄρη.
1812 1895 1925 1945 Quod
1959 1898 2017 1938 vir
2044 1896 2274 1939 clarissimus
2307 1900 2415 1940 metri
2443 1911 2558 1940 causa

185 1962 257 2003 τάν
284 1964 453 2019 scripsit,
481 1968 632 2019 praeter
658 1964 915 2004 necessitatem
943 1962 1042 2012 fecit:
1069 1963 1134 2005 cfr.
1164 1978 1198 2005 v.
1227 1963 1309 2008 378
1336 1977 1420 2005 cum
1448 1961 1549 2011 388,
1576 1961 1657 2006 379
1684 1976 1769 2003 311111
1796 1961 1889 2006 389.
1919 1976 1953 2003 ν.
1982 1961 2063 2006 707
2091 1977 2175 2004 311111
2203 1963 2304 2013 714,
2333 1963 2398 2005 ubi
2425 1963 2557 2005 eodem

183 2028 447 2069 dochmiorum
475 2028 561 2069 loco
589 2028 766 2069 brevibus
795 2028 929 2082 longae
958 2028 1121 2082 syllabae
1148 2028 1396 2084 respondent,
1433 2040 1660 2083 quamquam
1687 2041 1723 2069 v.
1752 2028 1845 2070 714.
1873 2026 2034 2069 fortasse
2063 2028 2158 2074 νέας
2182 2031 2287 2084 epica
2314 2028 2436 2070 forma
2464 2030 2556 2070 scri·

180 2099 291 2149 ptum
318 2092 405 2143 fuit,
433 2108 522 2134 113111
550 2108 597 2134 113
626 2095 728 2150 νῆας
753 2092 921 2148 quidem,
950 2092 1051 2148 quod
1079 2096 1163 2135 item
1191 2096 1381 2150 epicorum
1410 2102 1484 2143 est,
1512 2093 1615 2149 apud
1640 2095 1806 2149 tragicos
1833 2095 2023 2135 invenitur
2049 2095 2121 2135 nisi
2148 2093 2239 2136 Eur.
2260 2094 2342 2150 lph.
2370 2097 2420 2137 A.
2442 2094 2557 2144 250.;
2578 2130 2582 2134 .

182 2157 250 2199 τόν
270 2164 395 2199 31113111
418 2162 517 2200 certe
536 2156 655 2199 schol.
678 2157 770 2214 legit
788 2156 999 2214 explicans:
1027 2158 1094 2198 τὸν
1114 2158 1173 2203 εἷς
1198 2158 1293 2204 τοὺς
1317 2157 1519 2214 πολέμους
1542 2160 1780 2216 κατωφερῆ,
1808 2156 1834 2216 ἢ
1864 2158 1933 2198 τὸν
1960 2157 2220 2214 παλίμβολον,
2247 2164 2286 2201 31
2312 2158 2556 2201 confirmatur

181 2224 465 2278 insequentibus
492 2224 636 2265 verbis:
674 2225 743 2264 τὸν
771 2224 940 2278 ἀρότοις
966 2222 1176 2278 θερίζοντα
1202 2225 1384 2279 βροτοὺς
1409 2224 1453 2265 ἐν
1481 2224 1623 2270 ἄλλοις.
1670 2224 1741 2266 Ε31
1774 2227 1871 2265 3111111
1907 2225 2113 2280 anaphora.
2160 2224 2291 2280 Neque
2319 2240 2416 2280 quae
2445 2240 2555 2282 prae-

180 2293 283 2331 terea
310 2288 553 2333 Hermannus
581 2290 741 2332 mutavit
769 2288 860 2330 mihi
889 2287 1133 2332 satisfaciunt.
1175 2289 1256 2346 Ego
1284 2289 1446 2333 faciliore
1474 2292 1681 2333 mutatione
1708 2292 1955 2333 conieceram:
1981 2290 2137 2348 μήποτε
2166 2291 2391 2347 πυρίφατον
2420 2289 2556 2333 τάνδ’

183 2353 356 2395 ἐλάσαι
394 2355 546 2406 πόλιν,
584 2361 780 2412 praeterea
814 2354 907 2395 nihil
944 2360 1104 2395 mutans.
1160 2354 1222 2396 Sic
1256 2355 1436 2398 habemus
1471 2356 1626 2399 verbum
1661 2355 1765 2413 quod
1799 2355 2102 2414 desiderabatur,
2138 2371 2180 2399 ac
2216 2359 2398 2399 sententia
2433 2360 2555 2399 oritur

181 2421 584 2463 accommodatissima:
621 2437 665 2462 ne
692 2423 841 2474 quando
874 2424 969 2460 hanc
1003 2423 1121 2460 urbem
1157 2424 1333 2461 incensam
1367 2426 1503 2475 affliqat
1532 2422 1588 2464 vel
1624 2425 1767 2475 subiqat
1787 2426 1972 2475 funestum
2006 2426 2193 2464 clamorem
2225 2427 2379 2465 excitare
2402 2427 2555 2477 qoetiens

183 2491 302 2528 Mars.
332 2487 405 2529 Csr.
430 2488 532 2530 Pers.
554 2503 589 2528 v.
612 2489 723 2531 771.:
748 2486 897 2528 Ἰωνίαν
926 2501 968 2527 τε
997 2489 1127 2527 πᾶσαν
1154 2485 1299 2543 ἤλασεν
1325 2488 1418 2544 βίᾳς
1444 2488 1554 2532 880.ι
1582 2489 1649 2529 καὶ
1669 2488 1742 2532 τὰς
1760 2488 2001 2533 εὐκτεάνους
2016 2513 2071 2520 -
2091 2488 2370 2545 πολυάνδρους
2389 2490 2554 2543 (πόλεις)

183 2554 401 2597 ἐλαύνων
428 2555 600 2610 ἐκράτει.
631 2554 735 2598 Vera
762 2561 820 2597 est
848 2556 964 2610 igitur
992 2553 1214 2596 scholiastae
1240 2555 1346 2609 prior
1372 2555 1582 2611 explicatio.
1611 2554 1784 2598 Ceterum
1813 2554 1858 2597 cf.
1888 2570 1923 2597 v.
1953 2554 2044 2599 654.

710 2620 756 2660 V.
787 2619 900 2664 625.:
929 2619 1023 2659 Δῖον
1051 2617 1278 2673 ἐπιδόμενοι
1307 2621 1562 2677 πράκτορά
1589 2635 1640 2662 τε
1668 2621 1850 2661 σκοπὸν

929 2680 1242 2741 δυςπολέμητον,
1272 2683 1324 2724 ὃν
1352 2683 1486 2730 οὔτις
1510 2685 1566 2727 ἂν
1594 2685 1751 2741 δόμος
1777 2684 1887 2744 ἔχοι

928 2751 989 2792 ἐπ’
1017 2750 1188 2806 ὀρόφων
1212 2750 1490 2803 μιαίνοντα·
1518 2751 1657 2807 βαρὺς
1682 2750 1723 2791 δ’
1748 2750 1889 2806 ἐφίζει.

178 2816 296 2859 Primi
318 2830 450 2858 versus
472 2818 720 2873 corruptelam
740 2818 982 2859 Hermannus
1010 2814 1222 2858 emendavit
1248 2829 1309 2871 πρ
1318 2816 1503 2871 άκτορα
1530 2818 1593 2858 πά
1600 2831 1777 2858 νσκοπο
1787 2832 1819 2866 ν,
1848 2822 1892 2858 111
1919 2818 1952 2858 ei
1974 2816 2090 2857 schol.
2109 2817 2244 2871 legisse
2262 2817 2412 2858 videtur
2430 2817 2553 2874 expli·

178 2898 269 2924 cans
295 2883 364 2923 τὸν
391 2882 486 2927 Διὸς
511 2882 725 2938 ὀφθαλμὸν
753 2884 821 2924 τὸν
849 2883 977 2924 πάντα
1003 2881 1241 2923 σκοποῦντα.
1289 2878 1429 2921 Dubito
1456 2881 1643 2937 equidem:
1671 2888 1768 2923 certe
1795 2881 1897 2923 unde
1925 2879 2141 2937 ὀφθαλμόν
2169 2880 2391 2922 sumamus?
2437 2880 2552 2924 Bam-

180 2950 329 3007 bergeri
352 2957 390 2990 et
416 2948 707 2990 Markscheffelii
740 2951 933 3007 πράκτορ’
962 2949 1065 2995 ἄτας·
1089 2947 1237 2989 σκοπόν
1263 2961 1332 3003 per
1360 2961 1399 2988 se
1427 2950 1663 3003 aptissimum
1695 2951 1803 2990 metri
1830 2950 1975 2990 ratione
2002 2947 2212 2989 damnatur.
2268 2947 2427 3005 lntelligi
2460 2948 2556 2993 Διὸς

180 3017 298 3058 κότον
335 3018 401 3071 qui
436 3020 615 3070 tanquam
646 3028 808 3070 persona
843 3016 1010 3058 similiter
1039 3029 1083 3058 ac
1109 3015 1206 3060 Διὸς
1239 3013 1366 3068 ὅρκος
1396 3015 1600 3072 cogitatur,
1640 3020 1781 3057 certum
1815 3020 1890 3063 est,
1933 3014 1997 3056 cfr.
2027 3029 2061 3056 v.
2092 3014 2171 3059 366
2199 3028 2267 3056 ss.:
2296 3015 2364 3056 τὸν
2392 3012 2553 3069 ὑψόθεν

180 3083 329 3123 σκοπὸν
357 3080 560 3123 ἐπισκόπει
589 3080 748 3137 φύλακα
776 3082 1007 3124 πολυπόνων
1033 3081 1214 3139 βροτῶν.
1245 3102 1295 3111 -
1322 3078 1435 3135 μένει
1464 3094 1521 3120 τοι
1548 3080 1681 3139 Ζηνὸς
1707 3082 1829 3124 ἱκτίου
1857 3081 1994 3131 κότοςς
2020 3096 2055 3124 v,
2083 3080 2183 3129 332.
2210 3080 2311 3131 412,
2337 3079 2430 3130 461,
2458 3078 2551 3125 600.
