<?xml version="1.0" encoding="UTF-8"?>
<!DOCTYPE html PUBLIC "-//W3C//DTD XHTML 1.0 Transitional//EN"
    "http://www.w3.org/TR/xhtml1/DTD/xhtml1-transitional.dtd">
<html xmlns="http://www.w3.org/1999/xhtml" xml:lang="en" lang="en">
 <head>
  <title>
</title>
<meta http-equiv="Content-Type" content="text/html;charset=utf-8" />
  <meta name='ocr-system' content='tesseract 3.04.00' />
  <meta name='ocr-capabilities' content='ocr_page ocr_carea ocr_par ocr_line ocrx_word'/>
</head>
<body>
  <div class='ocr_page' id='page_1' title='image "4770942_0014.png"; bbox 0 0 2720 3459; ppageno 0'>
   <div class='ocr_carea' id='block_1_1' title="bbox 1353 193 1384 238">
    <p class='ocr_par' dir='ltr' id='par_1_1' title="bbox 1353 193 1384 238">
     <span class='ocr_line' id='line_1_1' title="bbox 1353 193 1384 238; baseline 0 0"><span class='ocrx_word' id='word_1_1' title='bbox 1353 193 1384 238; x_wconf 75' lang='lat'>4</span> 
     </span>
    </p>
   </div>
   <div class='ocr_carea' id='block_1_2' title="bbox 173 336 2552 2761">
    <p class='ocr_par' dir='ltr' id='par_1_2' title="bbox 177 336 2550 446">
     <span class='ocr_line' id='line_1_2' title="bbox 178 336 2550 394; baseline -0.001 -14"><span class='ocrx_word' id='word_1_2' title='bbox 178 338 274 380; x_wconf 77' lang='lat' dir='ltr'>idem</span> <span class='ocrx_word' id='word_1_3' title='bbox 302 339 355 379; x_wconf 84' lang='lat' dir='ltr'>sit</span> <span class='ocrx_word' id='word_1_4' title='bbox 379 352 422 379; x_wconf 90' lang='lat' dir='ltr'>ac</span> <span class='ocrx_word' id='word_1_5' title='bbox 450 352 527 380; x_wconf 86' lang='lat' dir='ltr'>res</span> <span class='ocrx_word' id='word_1_6' title='bbox 553 338 676 380; x_wconf 88' lang='lat' dir='ltr'>domi</span> <span class='ocrx_word' id='word_1_7' title='bbox 711 337 914 394; x_wconf 77' lang='lat' dir='ltr'>bellique</span> <span class='ocrx_word' id='word_1_8' title='bbox 949 344 1111 394; x_wconf 81' lang='lat' dir='ltr'>gestas</span> <span class='ocrx_word' id='word_1_9' title='bbox 1137 339 1215 386; x_wconf 89' lang='lat' dir='ltr'>(die</span> <span class='ocrx_word' id='word_1_10' title='bbox 1241 337 1464 394; x_wconf 83' lang='lat' dir='ltr'>politischen</span> <span class='ocrx_word' id='word_1_11' title='bbox 1490 337 1573 378; x_wconf 87' lang='lat' dir='ltr'>und</span> <span class='ocrx_word' id='word_1_12' title='bbox 1598 336 1877 379; x_wconf 73' lang='lat' dir='ltr'>militairioeheu</span> <span class='ocrx_word' id='word_1_13' title='bbox 1906 337 2271 392; x_wconf 75' lang='lat' dir='ltr'>Staatseriiugnisse)</span> <span class='ocrx_word' id='word_1_14' title='bbox 2299 351 2354 379; x_wconf 83' lang='lat' dir='ltr'>ex</span> <span class='ocrx_word' id='word_1_15' title='bbox 2384 336 2550 378; x_wconf 88' lang='lat' dir='ltr'>ordine</span> 
     </span>
     <span class='ocr_line' id='line_1_3' title="bbox 177 403 748 446; baseline 0.004 -2"><span class='ocrx_word' id='word_1_16' title='bbox 177 403 355 446; x_wconf 88' lang='lat' dir='ltr'>referre</span> <span class='ocrx_word' id='word_1_17' title='bbox 389 408 434 446; x_wconf 92' lang='lat' dir='ltr'>et</span> <span class='ocrx_word' id='word_1_18' title='bbox 468 403 748 446; x_wconf 81' lang='lat' dir='ltr'><strong>describere.</strong></span> 
     </span>
    </p>

    <p class='ocr_par' dir='ltr' id='par_1_3' title="bbox 173 469 2552 1837">
     <span class='ocr_line' id='line_1_4' title="bbox 353 469 2548 527; baseline 0 -16"><span class='ocrx_word' id='word_1_19' title='bbox 353 469 430 512; x_wconf 85' lang='lat' dir='ltr'>Sed</span> <span class='ocrx_word' id='word_1_20' title='bbox 459 475 585 521; x_wconf 79' lang='lat' dir='ltr'>restat,</span> <span class='ocrx_word' id='word_1_21' title='bbox 620 476 664 511; x_wconf 94' lang='lat' dir='ltr'>ut</span> <span class='ocrx_word' id='word_1_22' title='bbox 692 471 740 512; x_wconf 90' lang='lat' dir='ltr'>ad</span> <span class='ocrx_word' id='word_1_23' title='bbox 768 485 852 513; x_wconf 89' lang='lat' dir='ltr'>eam</span> <span class='ocrx_word' id='word_1_24' title='bbox 878 473 1133 527; x_wconf 81' lang='lat' dir='ltr'>quaestionem</span> <span class='ocrx_word' id='word_1_25' title='bbox 1161 484 1272 526; x_wconf 88' lang='lat' dir='ltr'>quam</span> <span class='ocrx_word' id='word_1_26' title='bbox 1301 469 1369 511; x_wconf 74' lang='lat' dir='ltr'>Tuv</span> <span class='ocrx_word' id='word_1_27' title='bbox 1391 471 1551 525; x_wconf 81' lang='lat' dir='ltr'>primam</span> <span class='ocrx_word' id='word_1_28' title='bbox 1577 470 1738 525; x_wconf 74' lang='lat' dir='ltr'>posuisti</span> <span class='ocrx_word' id='word_1_29' title='bbox 1766 469 2017 526; x_wconf 86' lang='lat' dir='ltr'>respondendi</span> <span class='ocrx_word' id='word_1_30' title='bbox 2045 469 2251 526; x_wconf 89' lang='lat' dir='ltr'>periculum</span> <span class='ocrx_word' id='word_1_31' title='bbox 2278 469 2420 513; x_wconf 80' lang='lat' dir='ltr'>faciam.</span> <span class='ocrx_word' id='word_1_32' title='bbox 2464 470 2548 527; x_wconf 82' lang='lat' dir='ltr'>Ego</span> 
     </span>
     <span class='ocr_line' id='line_1_5' title="bbox 175 533 2548 591; baseline 0.001 -17"><span class='ocrx_word' id='word_1_33' title='bbox 175 536 273 575; x_wconf 91' lang='lat' dir='ltr'>enim</span> <span class='ocrx_word' id='word_1_34' title='bbox 303 535 419 576; x_wconf 85' lang='lat' dir='ltr'>verba</span> <span class='ocrx_word' id='word_1_35' title='bbox 451 539 617 587; x_wconf 80' lang='lat' dir='ltr'>paullum</span> <span class='ocrx_word' id='word_1_36' title='bbox 644 552 786 577; x_wconf 74' lang='lat' dir='ltr'>severae</span> <span class='ocrx_word' id='word_1_37' title='bbox 815 540 928 577; x_wconf 74' lang='lat' dir='ltr'>Musa</span> <span class='ocrx_word' id='word_1_38' title='bbox 955 540 1160 588; x_wconf 72' lang='lat' dir='ltr'>tmqoediae</span> <span class='ocrx_word' id='word_1_39' title='bbox 1186 539 1280 575; x_wconf 73' lang='lat' dir='ltr'>desit</span> <span class='ocrx_word' id='word_1_40' title='bbox 1307 539 1456 575; x_wconf 53' lang='lat' dir='ltr'>theatris</span> <span class='ocrx_word' id='word_1_41' title='bbox 1482 533 1575 574; x_wconf 78' lang='lat' dir='ltr'>nihil</span> <span class='ocrx_word' id='word_1_42' title='bbox 1611 534 1684 575; x_wconf 88' lang='lat' dir='ltr'>sibi</span> <span class='ocrx_word' id='word_1_43' title='bbox 1717 534 1811 575; x_wconf 82' lang='lat' dir='ltr'>velle</span> <span class='ocrx_word' id='word_1_44' title='bbox 1844 540 1939 591; x_wconf 91' lang='lat' dir='ltr'>puto</span> <span class='ocrx_word' id='word_1_45' title='bbox 1973 536 2059 575; x_wconf 89' lang='lat' dir='ltr'>nisi:</span> <span class='ocrx_word' id='word_1_46' title='bbox 2103 534 2367 591; x_wconf 85' lang='lat' dir='ltr'>paullisper</span> <span class='ocrx_word' id='word_1_47' title='bbox 2400 543 2548 576; x_wconf 81' lang='lat' dir='ltr'><strong>cesset</strong></span> 
     </span>
     <span class='ocr_line' id='line_1_6' title="bbox 175 598 2549 658; baseline 0.001 -18"><span class='ocrx_word' id='word_1_48' title='bbox 175 598 263 640; x_wconf 89' lang='lat' dir='ltr'>tibi</span> <span class='ocrx_word' id='word_1_49' title='bbox 289 599 440 650; x_wconf 84' lang='lat' dir='ltr'>Musa,</span> <span class='ocrx_word' id='word_1_50' title='bbox 468 602 491 641; x_wconf 91' lang='lat' dir='ltr'>i.</span> <span class='ocrx_word' id='word_1_51' title='bbox 507 615 539 641; x_wconf 91' lang='lat' dir='ltr'>e.</span> <span class='ocrx_word' id='word_1_52' title='bbox 562 615 721 643; x_wconf 85' lang='lat' dir='ltr'>cesses</span> <span class='ocrx_word' id='word_1_53' title='bbox 749 601 1010 658; x_wconf 83' lang='lat' dir='ltr'>tragoediis</span> <span class='ocrx_word' id='word_1_54' title='bbox 1038 600 1271 643; x_wconf 75' lang='lat' dir='ltr'>iaciendis</span> <span class='ocrx_word' id='word_1_55' title='bbox 1299 614 1461 641; x_wconf 78' lang='lat' dir='ltr'>scenae</span> <span class='ocrx_word' id='word_1_56' title='bbox 1488 614 1678 656; x_wconf 86' lang='lat' dir='ltr'>operam</span> <span class='ocrx_word' id='word_1_57' title='bbox 1708 600 1835 650; x_wconf 88' lang='lat' dir='ltr'>dare,</span> <span class='ocrx_word' id='word_1_58' title='bbox 1861 600 1994 657; x_wconf 85' lang='lat' dir='ltr'>bisque</span> <span class='ocrx_word' id='word_1_59' title='bbox 2017 600 2141 642; x_wconf 85' lang='lat' dir='ltr'>verbis</span> <span class='ocrx_word' id='word_1_60' title='bbox 2170 615 2342 657; x_wconf 78' lang='lat' dir='ltr'>magnam</span> <span class='ocrx_word' id='word_1_61' title='bbox 2372 615 2480 642; x_wconf 86' lang='lat' dir='ltr'>suam</span> <span class='ocrx_word' id='word_1_62' title='bbox 2503 600 2549 642; x_wconf 84' lang='lat' dir='ltr'>de</span> 
     </span>
     <span class='ocr_line' id='line_1_7' title="bbox 175 663 2550 723; baseline 0 -17"><span class='ocrx_word' id='word_1_63' title='bbox 175 663 358 707; x_wconf 88' lang='lat' dir='ltr'>Pollionis</span> <span class='ocrx_word' id='word_1_64' title='bbox 378 666 540 708; x_wconf 87' lang='lat' dir='ltr'>historia</span> <span class='ocrx_word' id='word_1_65' title='bbox 554 669 872 723; x_wconf 80' lang='lat' dir='ltr'>exspectationem</span> <span class='ocrx_word' id='word_1_66' title='bbox 892 671 1118 723; x_wconf 86' lang='lat' dir='ltr'>exprimere;</span> <span class='ocrx_word' id='word_1_67' title='bbox 1144 666 1297 722; x_wconf 88' lang='lat' dir='ltr'>longum</span> <span class='ocrx_word' id='word_1_68' title='bbox 1313 667 1410 706; x_wconf 89' lang='lat' dir='ltr'>enim</span> <span class='ocrx_word' id='word_1_69' title='bbox 1423 664 1494 707; x_wconf 90' lang='lat' dir='ltr'>sibi</span> <span class='ocrx_word' id='word_1_70' title='bbox 1508 664 1627 707; x_wconf 86' lang='lat' dir='ltr'>videri</span> <span class='ocrx_word' id='word_1_71' title='bbox 1649 665 1740 707; x_wconf 85' lang='lat' dir='ltr'>dum</span> <span class='ocrx_word' id='word_1_72' title='bbox 1755 680 1837 708; x_wconf 89' lang='lat' dir='ltr'>eam</span> <span class='ocrx_word' id='word_1_73' title='bbox 1859 666 1982 722; x_wconf 88' lang='lat' dir='ltr'>legere</span> <span class='ocrx_word' id='word_1_74' title='bbox 1997 668 2129 721; x_wconf 80' lang='lat' dir='ltr'>possit.</span> <span class='ocrx_word' id='word_1_75' title='bbox 2157 666 2354 708; x_wconf 85' lang='lat' dir='ltr'>Praeterea</span> <span class='ocrx_word' id='word_1_76' title='bbox 2370 665 2475 721; x_wconf 76' lang='lat' dir='ltr'>quod</span> <span class='ocrx_word' id='word_1_77' title='bbox 2487 665 2550 707; x_wconf 87' lang='lat' dir='ltr'>Tu</span> 
     </span>
     <span class='ocr_line' id='line_1_8' title="bbox 175 730 2550 787; baseline 0 -17"><span class='ocrx_word' id='word_1_78' title='bbox 175 732 323 771; x_wconf 81' lang='lat' dir='ltr'>tertiam</span> <span class='ocrx_word' id='word_1_79' title='bbox 354 731 567 787; x_wconf 82' lang='lat' dir='ltr'>stropham,</span> <span class='ocrx_word' id='word_1_80' title='bbox 591 734 624 773; x_wconf 88' lang='lat' dir='ltr'>si</span> <span class='ocrx_word' id='word_1_81' title='bbox 650 746 729 774; x_wconf 92' lang='lat' dir='ltr'>non</span> <span class='ocrx_word' id='word_1_82' title='bbox 756 732 836 773; x_wconf 88' lang='lat' dir='ltr'>aliis</span> <span class='ocrx_word' id='word_1_83' title='bbox 863 732 1071 774; x_wconf 89' lang='lat' dir='ltr'>rationibus</span> <span class='ocrx_word' id='word_1_84' title='bbox 1091 730 1303 773; x_wconf 86' lang='lat' dir='ltr'>damnanda</span> <span class='ocrx_word' id='word_1_85' title='bbox 1321 734 1430 780; x_wconf 82' lang='lat' dir='ltr'>esset,</span> <span class='ocrx_word' id='word_1_86' title='bbox 1457 736 1547 786; x_wconf 89' lang='lat' dir='ltr'>post</span> <span class='ocrx_word' id='word_1_87' title='bbox 1566 736 1740 786; x_wconf 81' lang='lat' dir='ltr'>quartam</span> <span class='ocrx_word' id='word_1_88' title='bbox 1760 731 1973 787; x_wconf 88' lang='lat' dir='ltr'>ponendam</span> <span class='ocrx_word' id='word_1_89' title='bbox 1994 746 2075 773; x_wconf 85' lang='lat' dir='ltr'>esse</span> <span class='ocrx_word' id='word_1_90' title='bbox 2093 746 2221 773; x_wconf 81' lang='lat' dir='ltr'>censes</span> <span class='ocrx_word' id='word_1_91' title='bbox 2247 745 2407 786; x_wconf 88' lang='lat' dir='ltr'>eumque</span> <span class='ocrx_word' id='word_1_92' title='bbox 2426 730 2550 771; x_wconf 85' lang='lat' dir='ltr'>locum</span> 
     </span>
     <span class='ocr_line' id='line_1_9' title="bbox 174 793 2550 855; baseline 0 -19"><span class='ocrx_word' id='word_1_93' title='bbox 174 796 208 837; x_wconf 88' lang='lat' dir='ltr'>ei</span> <span class='ocrx_word' id='word_1_94' title='bbox 241 794 401 838; x_wconf 78' lang='lat' dir='ltr'>fortasse</span> <span class='ocrx_word' id='word_1_95' title='bbox 437 796 485 839; x_wconf 87' lang='lat' dir='ltr'>ab</span> <span class='ocrx_word' id='word_1_96' title='bbox 520 797 790 855; x_wconf 85' lang='lat' dir='ltr'>interpolatore</span> <span class='ocrx_word' id='word_1_97' title='bbox 823 797 952 848; x_wconf 83' lang='lat' dir='ltr'>datum</span> <span class='ocrx_word' id='word_1_98' title='bbox 988 797 1126 846; x_wconf 81' lang='lat' dir='ltr'>fuisse,</span> <span class='ocrx_word' id='word_1_99' title='bbox 1160 801 1250 838; x_wconf 87' lang='lat' dir='ltr'>sunt</span> <span class='ocrx_word' id='word_1_100' title='bbox 1275 803 1525 851; x_wconf 84' lang='lat' dir='ltr'>tamenquae</span> <span class='ocrx_word' id='word_1_101' title='bbox 1552 795 1645 838; x_wconf 89' lang='lat' dir='ltr'>mihi</span> <span class='ocrx_word' id='word_1_102' title='bbox 1672 795 1853 838; x_wconf 89' lang='lat' dir='ltr'>traditum</span> <span class='ocrx_word' id='word_1_103' title='bbox 1880 796 2049 838; x_wconf 88' lang='lat' dir='ltr'>ordinem</span> <span class='ocrx_word' id='word_1_104' title='bbox 2077 798 2175 838; x_wconf 88' lang='lat' dir='ltr'>tueri</span> <span class='ocrx_word' id='word_1_105' title='bbox 2201 795 2410 839; x_wconf 72' lang='lat' dir='ltr'>videantur.</span> <span class='ocrx_word' id='word_1_106' title='bbox 2451 793 2550 837; x_wconf 78' lang='lat' dir='ltr'>Nam</span> 
     </span>
     <span class='ocr_line' id='line_1_10' title="bbox 173 861 2552 918; baseline -0 -16"><span class='ocrx_word' id='word_1_107' title='bbox 173 862 337 916; x_wconf 88' lang='lat' dir='ltr'>primum</span> <span class='ocrx_word' id='word_1_108' title='bbox 364 864 492 918; x_wconf 81' lang='lat' dir='ltr'>aptius</span> <span class='ocrx_word' id='word_1_109' title='bbox 519 862 613 904; x_wconf 90' lang='lat' dir='ltr'>mihi</span> <span class='ocrx_word' id='word_1_110' title='bbox 638 862 788 905; x_wconf 81' lang='lat' dir='ltr'>videtur</span> <span class='ocrx_word' id='word_1_111' title='bbox 815 864 1009 905; x_wconf 87' lang='lat' dir='ltr'>historiam</span> <span class='ocrx_word' id='word_1_112' title='bbox 1037 864 1213 904; x_wconf 87' lang='lat' dir='ltr'>continuo</span> <span class='ocrx_word' id='word_1_113' title='bbox 1240 862 1384 916; x_wconf 87' lang='lat' dir='ltr'>tragica</span> <span class='ocrx_word' id='word_1_114' title='bbox 1411 863 1537 916; x_wconf 89' lang='lat' dir='ltr'>poesis</span> <span class='ocrx_word' id='word_1_115' title='bbox 1565 863 1690 917; x_wconf 88' lang='lat' dir='ltr'>sequi,</span> <span class='ocrx_word' id='word_1_116' title='bbox 1725 863 1816 917; x_wconf 87' lang='lat' dir='ltr'>quia</span> <span class='ocrx_word' id='word_1_117' title='bbox 1840 867 2001 917; x_wconf 84' lang='lat' dir='ltr'>utraque</span> <span class='ocrx_word' id='word_1_118' title='bbox 2028 864 2068 903; x_wconf 92' lang='lat' dir='ltr'>in</span> <span class='ocrx_word' id='word_1_119' title='bbox 2095 862 2303 903; x_wconf 88' lang='lat' dir='ltr'>litterarum</span> <span class='ocrx_word' id='word_1_120' title='bbox 2330 861 2466 903; x_wconf 88' lang='lat' dir='ltr'>studiis</span> <span class='ocrx_word' id='word_1_121' title='bbox 2493 868 2552 901; x_wconf 81' lang='lat' dir='ltr'>est</span> 
     </span>
     <span class='ocr_line' id='line_1_11' title="bbox 173 927 2548 983; baseline 0 -17"><span class='ocrx_word' id='word_1_122' title='bbox 173 927 299 981; x_wconf 87' lang='lat' dir='ltr'>posita</span> <span class='ocrx_word' id='word_1_123' title='bbox 333 932 372 968; x_wconf 90' lang='lat' dir='ltr'>et</span> <span class='ocrx_word' id='word_1_124' title='bbox 406 930 644 983; x_wconf 83' lang='lat' dir='ltr'>cognationis</span> <span class='ocrx_word' id='word_1_125' title='bbox 678 928 841 983; x_wconf 90' lang='lat' dir='ltr'>quodam</span> <span class='ocrx_word' id='word_1_126' title='bbox 876 928 1023 970; x_wconf 88' lang='lat' dir='ltr'>vinculo</span> <span class='ocrx_word' id='word_1_127' title='bbox 1057 931 1153 969; x_wconf 90' lang='lat' dir='ltr'>inter</span> <span class='ocrx_word' id='word_1_128' title='bbox 1188 934 1232 968; x_wconf 83' lang='lat' dir='ltr'>se&#39;</span> <span class='ocrx_word' id='word_1_129' title='bbox 1261 929 1471 969; x_wconf 78' lang='lat' dir='ltr'>coniuncta.</span> <span class='ocrx_word' id='word_1_130' title='bbox 1523 927 1680 969; x_wconf 81' lang='lat' dir='ltr'>Accedit</span> <span class='ocrx_word' id='word_1_131' title='bbox 1713 927 1816 983; x_wconf 89' lang='lat' dir='ltr'>quod</span> <span class='ocrx_word' id='word_1_132' title='bbox 1859 930 1897 970; x_wconf 90' lang='lat' dir='ltr'>in</span> <span class='ocrx_word' id='word_1_133' title='bbox 1937 934 2073 983; x_wconf 85' lang='lat' dir='ltr'>quarta</span> <span class='ocrx_word' id='word_1_134' title='bbox 2107 928 2290 983; x_wconf 88' lang='lat' dir='ltr'>stropha:</span> <span class='ocrx_word' id='word_1_135' title='bbox 2333 931 2470 979; x_wconf 58' lang='lat' dir='ltr'>insigne</span> <span class='ocrx_word' id='word_1_136' title='bbox 2501 950 2548 958; x_wconf 90' lang='lat'><em>-</em></span> 
     </span>
     <span class='ocr_line' id='line_1_12' title="bbox 173 992 2550 1049; baseline 0 -19"><span class='ocrx_word' id='word_1_137' title='bbox 173 994 368 1045; x_wconf 73' lang='lat' dir='ltr'>triumpho,</span> <span class='ocrx_word' id='word_1_138' title='bbox 398 992 574 1048; x_wconf 88' lang='lat' dir='ltr'>gradatio</span> <span class='ocrx_word' id='word_1_139' title='bbox 609 993 791 1049; x_wconf 87' lang='lat' dir='ltr'>quaedam</span> <span class='ocrx_word' id='word_1_140' title='bbox 826 995 945 1034; x_wconf 89' lang='lat' dir='ltr'>inesse</span> <span class='ocrx_word' id='word_1_141' title='bbox 978 992 1125 1034; x_wconf 88' lang='lat' dir='ltr'>videtur</span> <span class='ocrx_word' id='word_1_142' title='bbox 1150 994 1264 1034; x_wconf 89' lang='lat' dir='ltr'>trium</span> <span class='ocrx_word' id='word_1_143' title='bbox 1293 992 1443 1033; x_wconf 90' lang='lat' dir='ltr'>illorum</span> <span class='ocrx_word' id='word_1_144' title='bbox 1472 1007 1669 1035; x_wconf 87' lang='lat' dir='ltr'>munerum</span> <span class='ocrx_word' id='word_1_145' title='bbox 1696 995 1861 1035; x_wconf 87' lang='lat' dir='ltr'>oratoris</span> <span class='ocrx_word' id='word_1_146' title='bbox 1888 995 2130 1049; x_wconf 87' lang='lat' dir='ltr'>patronique,</span> <span class='ocrx_word' id='word_1_147' title='bbox 2158 995 2361 1042; x_wconf 87' lang='lat' dir='ltr'>senatoris,</span> <span class='ocrx_word' id='word_1_148' title='bbox 2389 994 2550 1048; x_wconf 89' lang='lat' dir='ltr'>impera·</span> 
     </span>
     <span class='ocr_line' id='line_1_13' title="bbox 173 1056 2550 1115; baseline -0.001 -16"><span class='ocrx_word' id='word_1_149' title='bbox 173 1059 289 1108; x_wconf 78' lang='lat' dir='ltr'>toris3</span> <span class='ocrx_word' id='word_1_150' title='bbox 322 1058 428 1114; x_wconf 90' lang='lat' dir='ltr'>quod</span> <span class='ocrx_word' id='word_1_151' title='bbox 456 1061 488 1100; x_wconf 93' lang='lat' dir='ltr'>si</span> <span class='ocrx_word' id='word_1_152' title='bbox 516 1061 568 1100; x_wconf 91' lang='lat' dir='ltr'>ita</span> <span class='ocrx_word' id='word_1_153' title='bbox 597 1074 636 1101; x_wconf 92' lang='lat' dir='ltr'>se</span> <span class='ocrx_word' id='word_1_154' title='bbox 665 1060 795 1109; x_wconf 91' lang='lat' dir='ltr'>habet,</span> <span class='ocrx_word' id='word_1_155' title='bbox 822 1074 898 1100; x_wconf 93' lang='lat' dir='ltr'>non</span> <span class='ocrx_word' id='word_1_156' title='bbox 925 1065 1021 1101; x_wconf 89' lang='lat' dir='ltr'>recte</span> <span class='ocrx_word' id='word_1_157' title='bbox 1051 1058 1141 1101; x_wconf 88' lang='lat' dir='ltr'>haec</span> <span class='ocrx_word' id='word_1_158' title='bbox 1168 1060 1358 1115; x_wconf 85' lang='lat' dir='ltr'>exciperet</span> <span class='ocrx_word' id='word_1_159' title='bbox 1385 1060 1689 1100; x_wconf 87' lang='lat' dir='ltr'>commemoratio</span> <span class='ocrx_word' id='word_1_160' title='bbox 1716 1057 1952 1115; x_wconf 85' lang='lat' dir='ltr'>tragoediae,</span> <span class='ocrx_word' id='word_1_161' title='bbox 1980 1072 2075 1114; x_wconf 88' lang='lat' dir='ltr'>quae</span> <span class='ocrx_word' id='word_1_162' title='bbox 2104 1057 2153 1099; x_wconf 90' lang='lat' dir='ltr'>ad</span> <span class='ocrx_word' id='word_1_163' title='bbox 2178 1056 2446 1114; x_wconf 86' lang='lat' dir='ltr'>rempublicam</span> <span class='ocrx_word' id='word_1_164' title='bbox 2472 1070 2550 1097; x_wconf 92' lang='lat' dir='ltr'>non</span> 
     </span>
     <span class='ocr_line' id='line_1_14' title="bbox 173 1121 2550 1182; baseline -0.001 -17"><span class='ocrx_word' id='word_1_165' title='bbox 173 1123 289 1166; x_wconf 92' lang='lat' dir='ltr'>modo</span> <span class='ocrx_word' id='word_1_166' title='bbox 317 1124 413 1166; x_wconf 88' lang='lat' dir='ltr'>nihil</span> <span class='ocrx_word' id='word_1_167' title='bbox 439 1128 617 1182; x_wconf 89' lang='lat' dir='ltr'>pertinet,</span> <span class='ocrx_word' id='word_1_168' title='bbox 660 1125 726 1167; x_wconf 86' lang='lat' dir='ltr'>sed</span> <span class='ocrx_word' id='word_1_169' title='bbox 753 1128 861 1168; x_wconf 87' lang='lat' dir='ltr'>etiam</span> <span class='ocrx_word' id='word_1_170' title='bbox 890 1140 912 1167; x_wconf 90' lang='lat' dir='ltr'>a</span> <span class='ocrx_word' id='word_1_171' title='bbox 934 1125 1129 1174; x_wconf 87' lang='lat' dir='ltr'>Romanis,</span> <span class='ocrx_word' id='word_1_172' title='bbox 1158 1129 1201 1165; x_wconf 92' lang='lat' dir='ltr'>ut</span> <span class='ocrx_word' id='word_1_173' title='bbox 1227 1126 1379 1166; x_wconf 90' lang='lat' dir='ltr'>omnino</span> <span class='ocrx_word' id='word_1_174' title='bbox 1407 1123 1619 1166; x_wconf 76' lang='lat' dir='ltr'>lItterarum</span> <span class='ocrx_word' id='word_1_175' title='bbox 1645 1130 1683 1166; x_wconf 93' lang='lat' dir='ltr'>et</span> <span class='ocrx_word' id='word_1_176' title='bbox 1710 1125 1848 1166; x_wconf 90' lang='lat' dir='ltr'>artium</span> <span class='ocrx_word' id='word_1_177' title='bbox 1876 1123 2014 1174; x_wconf 88' lang='lat' dir='ltr'>studia,</span> <span class='ocrx_word' id='word_1_178' title='bbox 2041 1137 2132 1180; x_wconf 89' lang='lat' dir='ltr'>prae</span> <span class='ocrx_word' id='word_1_179' title='bbox 2160 1122 2232 1165; x_wconf 85' lang='lat' dir='ltr'>fori</span> <span class='ocrx_word' id='word_1_180' title='bbox 2260 1130 2298 1165; x_wconf 93' lang='lat' dir='ltr'>et</span> <span class='ocrx_word' id='word_1_181' title='bbox 2324 1121 2550 1179; x_wconf 87' lang='lat' dir='ltr'>reipublicae</span> 
     </span>
     <span class='ocr_line' id='line_1_15' title="bbox 174 1188 2550 1247; baseline -0.001 -16"><span class='ocrx_word' id='word_1_182' title='bbox 174 1193 338 1246; x_wconf 90' lang='lat' dir='ltr'>negotiis</span> <span class='ocrx_word' id='word_1_183' title='bbox 358 1194 468 1246; x_wconf 79' lang='lat' dir='ltr'>parvi</span> <span class='ocrx_word' id='word_1_184' title='bbox 487 1192 781 1233; x_wconf 83' lang='lat' dir='ltr'>existimabatur.</span> <span class='ocrx_word' id='word_1_185' title='bbox 827 1193 994 1246; x_wconf 89' lang='lat' dir='ltr'>Denique</span> <span class='ocrx_word' id='word_1_186' title='bbox 1023 1194 1154 1246; x_wconf 87' lang='lat' dir='ltr'>quinta</span> <span class='ocrx_word' id='word_1_187' title='bbox 1181 1191 1358 1247; x_wconf 88' lang='lat' dir='ltr'>stropha:</span> <span class='ocrx_word' id='word_1_188' title='bbox 1386 1195 1457 1232; x_wconf 80' lang='lat' dir='ltr'>iam</span> <span class='ocrx_word' id='word_1_189' title='bbox 1484 1206 1579 1231; x_wconf 81' lang='lat' dir='ltr'>nunc</span> <span class='ocrx_word' id='word_1_190' title='bbox 1608 1215 1659 1221; x_wconf 86' lang='lat'>—</span> <span class='ocrx_word' id='word_1_191' title='bbox 1686 1196 1812 1239; x_wconf 72' lang='lat' dir='ltr'>voltus,</span> <span class='ocrx_word' id='word_1_192' title='bbox 1840 1205 1940 1231; x_wconf 89' lang='lat' dir='ltr'>nunc</span> <span class='ocrx_word' id='word_1_193' title='bbox 1968 1192 2159 1245; x_wconf 89' lang='lat' dir='ltr'>aptissime</span> <span class='ocrx_word' id='word_1_194' title='bbox 2187 1189 2383 1231; x_wconf 90' lang='lat' dir='ltr'>subiicitur</span> <span class='ocrx_word' id='word_1_195' title='bbox 2408 1188 2550 1229; x_wconf 82' lang='lat' dir='ltr'>verbis:</span> 
     </span>
     <span class='ocr_line' id='line_1_16' title="bbox 176 1252 2552 1313; baseline -0 -18"><span class='ocrx_word' id='word_1_196' title='bbox 176 1259 237 1295; x_wconf 84' lang='lat' dir='ltr'>cui</span> <span class='ocrx_word' id='word_1_197' title='bbox 262 1259 389 1296; x_wconf 73' lang='grc' dir='ltr'>Ιαιινιιε</span> <span class='ocrx_word' id='word_1_198' title='bbox 416 1266 576 1297; x_wconf 80' lang='lat' dir='ltr'>aeternos</span> <span class='ocrx_word' id='word_1_199' title='bbox 604 1260 749 1297; x_wconf 80' lang='lat' dir='ltr'>honores</span> <span class='ocrx_word' id='word_1_200' title='bbox 776 1260 977 1297; x_wconf 78' lang='lat' dir='ltr'>Delmatico</span> <span class='ocrx_word' id='word_1_201' title='bbox 1000 1260 1142 1309; x_wconf 79' lang='lat' dir='ltr'>peperit</span> <span class='ocrx_word' id='word_1_202' title='bbox 1169 1260 1357 1310; x_wconf 68' lang='lat' dir='ltr'>Mumpho.</span> <span class='ocrx_word' id='word_1_203' title='bbox 1400 1255 1498 1298; x_wconf 89' lang='lat' dir='ltr'>Nam</span> <span class='ocrx_word' id='word_1_204' title='bbox 1520 1260 1677 1313; x_wconf 88' lang='lat' dir='ltr'>propter</span> <span class='ocrx_word' id='word_1_205' title='bbox 1702 1255 1741 1297; x_wconf 94' lang='lat' dir='ltr'>id</span> <span class='ocrx_word' id='word_1_206' title='bbox 1769 1257 1906 1313; x_wconf 87' lang='lat' dir='ltr'>ipsum,</span> <span class='ocrx_word' id='word_1_207' title='bbox 1934 1255 2037 1312; x_wconf 92' lang='lat' dir='ltr'>quod</span> <span class='ocrx_word' id='word_1_208' title='bbox 2058 1254 2179 1297; x_wconf 88' lang='lat' dir='ltr'>Pollio</span> <span class='ocrx_word' id='word_1_209' title='bbox 2207 1256 2412 1311; x_wconf 89' lang='lat' dir='ltr'>imperator</span> <span class='ocrx_word' id='word_1_210' title='bbox 2429 1252 2552 1295; x_wconf 85' lang='lat' dir='ltr'>fuerat</span> 
     </span>
     <span class='ocr_line' id='line_1_17' title="bbox 175 1320 2550 1379; baseline -0.001 -17"><span class='ocrx_word' id='word_1_211' title='bbox 175 1335 293 1377; x_wconf 79' lang='lat' dir='ltr'>reque</span> <span class='ocrx_word' id='word_1_212' title='bbox 320 1321 413 1362; x_wconf 90' lang='lat' dir='ltr'>bene</span> <span class='ocrx_word' id='word_1_213' title='bbox 440 1328 549 1378; x_wconf 89' lang='lat' dir='ltr'>gesta</span> <span class='ocrx_word' id='word_1_214' title='bbox 577 1325 686 1363; x_wconf 90' lang='lat' dir='ltr'>etiam</span> <span class='ocrx_word' id='word_1_215' title='bbox 707 1322 1014 1379; x_wconf 85' lang='lat' dir='ltr'>triumphaverat,</span> <span class='ocrx_word' id='word_1_216' title='bbox 1041 1324 1206 1363; x_wconf 85' lang='lat' dir='ltr'>maxime</span> <span class='ocrx_word' id='word_1_217' title='bbox 1233 1322 1391 1364; x_wconf 89' lang='lat' dir='ltr'>idoneus</span> <span class='ocrx_word' id='word_1_218' title='bbox 1419 1328 1500 1364; x_wconf 89' lang='lat' dir='ltr'>erat</span> <span class='ocrx_word' id='word_1_219' title='bbox 1527 1324 1592 1378; x_wconf 92' lang='lat' dir='ltr'>qui</span> <span class='ocrx_word' id='word_1_220' title='bbox 1619 1321 1763 1378; x_wconf 88' lang='lat' dir='ltr'>proelia</span> <span class='ocrx_word' id='word_1_221' title='bbox 1791 1320 2017 1362; x_wconf 86' lang='lat' dir='ltr'>describeret</span> <span class='ocrx_word' id='word_1_222' title='bbox 2043 1327 2081 1362; x_wconf 91' lang='lat' dir='ltr'>et</span> <span class='ocrx_word' id='word_1_223' title='bbox 2105 1320 2315 1379; x_wconf 86' lang='lat' dir='ltr'>legentibus</span> <span class='ocrx_word' id='word_1_224' title='bbox 2336 1321 2444 1376; x_wconf 88' lang='lat' dir='ltr'>quasi</span> <span class='ocrx_word' id='word_1_225' title='bbox 2465 1325 2550 1360; x_wconf 90' lang='lat' dir='ltr'>ante</span> 
     </span>
     <span class='ocr_line' id='line_1_18' title="bbox 176 1386 2550 1444; baseline -0 -17"><span class='ocrx_word' id='word_1_226' title='bbox 176 1387 307 1428; x_wconf 87' lang='lat' dir='ltr'>oculos</span> <span class='ocrx_word' id='word_1_227' title='bbox 334 1393 503 1442; x_wconf 87' lang='lat' dir='ltr'>poneret.</span> <span class='ocrx_word' id='word_1_228' title='bbox 552 1387 765 1429; x_wconf 91' lang='lat' dir='ltr'>Tolleretur</span> <span class='ocrx_word' id='word_1_229' title='bbox 798 1394 922 1429; x_wconf 91' lang='lat' dir='ltr'>autem</span> <span class='ocrx_word' id='word_1_230' title='bbox 957 1388 1019 1429; x_wconf 89' lang='lat' dir='ltr'>hic</span> <span class='ocrx_word' id='word_1_231' title='bbox 1050 1404 1194 1437; x_wconf 85' lang='lat' dir='ltr'>nexus,</span> <span class='ocrx_word' id='word_1_232' title='bbox 1232 1390 1263 1429; x_wconf 87' lang='lat' dir='ltr'>si</span> <span class='ocrx_word' id='word_1_233' title='bbox 1290 1390 1400 1429; x_wconf 89' lang='lat' dir='ltr'>tertia</span> <span class='ocrx_word' id='word_1_234' title='bbox 1428 1389 1587 1444; x_wconf 88' lang='lat' dir='ltr'>stropha</span> <span class='ocrx_word' id='word_1_235' title='bbox 1615 1394 1772 1444; x_wconf 83' lang='lat' dir='ltr'>quartae</span> <span class='ocrx_word' id='word_1_236' title='bbox 1798 1393 2100 1444; x_wconf 86' lang='lat' dir='ltr'>postponeretur.</span> <span class='ocrx_word' id='word_1_237' title='bbox 2138 1411 2184 1419; x_wconf 88' lang='lat'>—</span> <span class='ocrx_word' id='word_1_238' title='bbox 2215 1387 2319 1428; x_wconf 90' lang='lat' dir='ltr'>Haec</span> <span class='ocrx_word' id='word_1_239' title='bbox 2345 1386 2421 1433; x_wconf 83' lang='lat' dir='ltr'>sere</span> <span class='ocrx_word' id='word_1_240' title='bbox 2449 1392 2550 1431; x_wconf 81' lang='lat' dir='ltr'>sunt,</span> 
     </span>
     <span class='ocr_line' id='line_1_19' title="bbox 177 1452 2550 1510; baseline -0.001 -16"><span class='ocrx_word' id='word_1_241' title='bbox 177 1467 274 1507; x_wconf 81' lang='lat' dir='ltr'>quae</span> <span class='ocrx_word' id='word_1_242' title='bbox 301 1466 372 1507; x_wconf 90' lang='lat' dir='ltr'>pro</span> <span class='ocrx_word' id='word_1_243' title='bbox 401 1455 511 1495; x_wconf 87' lang='lat' dir='ltr'>tertia</span> <span class='ocrx_word' id='word_1_244' title='bbox 539 1454 698 1509; x_wconf 89' lang='lat' dir='ltr'>stropha</span> <span class='ocrx_word' id='word_1_245' title='bbox 726 1454 815 1495; x_wconf 89' lang='lat' dir='ltr'>mihi</span> <span class='ocrx_word' id='word_1_246' title='bbox 844 1454 915 1496; x_wconf 92' lang='lat' dir='ltr'>dici</span> <span class='ocrx_word' id='word_1_247' title='bbox 941 1468 1055 1509; x_wconf 89' lang='lat' dir='ltr'>posse</span> <span class='ocrx_word' id='word_1_248' title='bbox 1081 1453 1299 1503; x_wconf 83' lang='lat' dir='ltr'>videantur,</span> <span class='ocrx_word' id='word_1_249' title='bbox 1339 1468 1566 1509; x_wconf 90' lang='lat' dir='ltr'>quamquam</span> <span class='ocrx_word' id='word_1_250' title='bbox 1601 1453 1816 1510; x_wconf 85' lang='lat' dir='ltr'>languidam</span> <span class='ocrx_word' id='word_1_251' title='bbox 1852 1468 1934 1495; x_wconf 90' lang='lat' dir='ltr'>eam</span> <span class='ocrx_word' id='word_1_252' title='bbox 1968 1467 2050 1495; x_wconf 86' lang='lat' dir='ltr'>esse</span> <span class='ocrx_word' id='word_1_253' title='bbox 2077 1458 2115 1495; x_wconf 93' lang='lat' dir='ltr'>et</span> <span class='ocrx_word' id='word_1_254' title='bbox 2141 1452 2316 1510; x_wconf 81' lang='lat' dir='ltr'>frigidam</span> <span class='ocrx_word' id='word_1_255' title='bbox 2333 1460 2550 1509; x_wconf 85' lang='lat' dir='ltr'>‘parumque</span> 
     </span>
     <span class='ocr_line' id='line_1_20' title="bbox 174 1517 2550 1576; baseline -0.001 -17"><span class='ocrx_word' id='word_1_256' title='bbox 174 1520 358 1575; x_wconf 83' lang='lat' dir='ltr'>poeticam</span> <span class='ocrx_word' id='word_1_257' title='bbox 383 1532 463 1561; x_wconf 90' lang='lat' dir='ltr'>non</span> <span class='ocrx_word' id='word_1_258' title='bbox 489 1533 648 1576; x_wconf 90' lang='lat' dir='ltr'>possum</span> <span class='ocrx_word' id='word_1_259' title='bbox 675 1534 751 1561; x_wconf 90' lang='lat' dir='ltr'>non</span> <span class='ocrx_word' id='word_1_260' title='bbox 780 1519 990 1561; x_wconf 87' lang='lat' dir='ltr'>concedere.</span> <span class='ocrx_word' id='word_1_261' title='bbox 1034 1518 1112 1561; x_wconf 92' lang='lat' dir='ltr'>Sed</span> <span class='ocrx_word' id='word_1_262' title='bbox 1132 1521 1272 1576; x_wconf 89' lang='lat' dir='ltr'>partim</span> <span class='ocrx_word' id='word_1_263' title='bbox 1294 1518 1607 1561; x_wconf 87' lang='lat' dir='ltr'>considerandum</span> <span class='ocrx_word' id='word_1_264' title='bbox 1627 1525 1695 1569; x_wconf 91' lang='lat' dir='ltr'>est,</span> <span class='ocrx_word' id='word_1_265' title='bbox 1722 1519 1922 1561; x_wconf 83' lang='lat' dir='ltr'>Horatium</span> <span class='ocrx_word' id='word_1_266' title='bbox 1951 1533 2100 1576; x_wconf 91' lang='lat' dir='ltr'>quoque</span> <span class='ocrx_word' id='word_1_267' title='bbox 2128 1517 2315 1560; x_wconf 90' lang='lat' dir='ltr'>interdum</span> <span class='ocrx_word' id='word_1_268' title='bbox 2334 1517 2550 1566; x_wconf 89' lang='lat' dir='ltr'>dormitare,</span> 
     </span>
     <span class='ocr_line' id='line_1_21' title="bbox 173 1583 2549 1643; baseline 0 -20"><span class='ocrx_word' id='word_1_269' title='bbox 173 1585 311 1638; x_wconf 83' lang='lat' dir='ltr'>partim</span> <span class='ocrx_word' id='word_1_270' title='bbox 339 1583 412 1624; x_wconf 90' lang='lat' dir='ltr'>hoc</span> <span class='ocrx_word' id='word_1_271' title='bbox 440 1598 591 1625; x_wconf 89' lang='lat' dir='ltr'>carmen</span> <span class='ocrx_word' id='word_1_272' title='bbox 619 1587 651 1624; x_wconf 90' lang='lat' dir='ltr'>si</span> <span class='ocrx_word' id='word_1_273' title='bbox 680 1587 900 1625; x_wconf 86' lang='lat' dir='ltr'>tricenarius</span> <span class='ocrx_word' id='word_1_274' title='bbox 927 1585 1003 1625; x_wconf 81' lang='lat' dir='ltr'>fere</span> <span class='ocrx_word' id='word_1_275' title='bbox 1030 1585 1176 1634; x_wconf 78' lang='lat' dir='ltr'>fecerit,</span> <span class='ocrx_word' id='word_1_276' title='bbox 1217 1587 1315 1626; x_wconf 88' lang='lat' dir='ltr'>inter</span> <span class='ocrx_word' id='word_1_277' title='bbox 1345 1588 1476 1643; x_wconf 89' lang='lat' dir='ltr'>priora</span> <span class='ocrx_word' id='word_1_278' title='bbox 1508 1588 1588 1627; x_wconf 90' lang='lat' dir='ltr'>eius</span> <span class='ocrx_word' id='word_1_279' title='bbox 1621 1588 1787 1627; x_wconf 87' lang='lat' dir='ltr'>carmina</span> <span class='ocrx_word' id='word_1_280' title='bbox 1821 1601 1902 1626; x_wconf 88' lang='lat' dir='ltr'>esse</span> <span class='ocrx_word' id='word_1_281' title='bbox 1938 1585 2193 1633; x_wconf 78' lang='lat' dir='ltr'>referendum,</span> <span class='ocrx_word' id='word_1_282' title='bbox 2234 1591 2278 1626; x_wconf 85' lang='lat' dir='ltr'>ut</span> <span class='ocrx_word' id='word_1_283' title='bbox 2303 1587 2441 1625; x_wconf 89' lang='lat' dir='ltr'>mirum</span> <span class='ocrx_word' id='word_1_284' title='bbox 2468 1598 2549 1624; x_wconf 88' lang='lat' dir='ltr'>esse</span> 
     </span>
     <span class='ocr_line' id='line_1_22' title="bbox 173 1648 2551 1707; baseline 0 -18"><span class='ocrx_word' id='word_1_285' title='bbox 173 1662 251 1690; x_wconf 91' lang='lat' dir='ltr'>non</span> <span class='ocrx_word' id='word_1_286' title='bbox 277 1651 416 1704; x_wconf 84' lang='lat' dir='ltr'>possit,</span> <span class='ocrx_word' id='word_1_287' title='bbox 445 1651 477 1690; x_wconf 92' lang='lat' dir='ltr'>si</span> <span class='ocrx_word' id='word_1_288' title='bbox 507 1649 599 1704; x_wconf 90' lang='lat' dir='ltr'>quid</span> <span class='ocrx_word' id='word_1_289' title='bbox 628 1652 665 1691; x_wconf 90' lang='lat' dir='ltr'>in</span> <span class='ocrx_word' id='word_1_290' title='bbox 693 1664 738 1691; x_wconf 90' lang='lat' dir='ltr'>eo</span> <span class='ocrx_word' id='word_1_291' title='bbox 766 1652 889 1691; x_wconf 90' lang='lat' dir='ltr'>minus</span> <span class='ocrx_word' id='word_1_292' title='bbox 918 1650 1059 1692; x_wconf 88' lang='lat' dir='ltr'>bonum</span> <span class='ocrx_word' id='word_1_293' title='bbox 1086 1656 1124 1692; x_wconf 91' lang='lat' dir='ltr'>et</span> <span class='ocrx_word' id='word_1_294' title='bbox 1150 1650 1355 1706; x_wconf 81' lang='lat' dir='ltr'>perfectum</span> <span class='ocrx_word' id='word_1_295' title='bbox 1384 1654 1605 1707; x_wconf 88' lang='lat' dir='ltr'>reperiatur.</span> <span class='ocrx_word' id='word_1_296' title='bbox 1641 1650 1815 1705; x_wconf 86' lang='lat' dir='ltr'>Idemque</span> <span class='ocrx_word' id='word_1_297' title='bbox 1837 1653 1948 1692; x_wconf 89' lang='lat' dir='ltr'>etiam</span> <span class='ocrx_word' id='word_1_298' title='bbox 1971 1651 2016 1691; x_wconf 91' lang='lat' dir='ltr'>de</span> <span class='ocrx_word' id='word_1_299' title='bbox 2044 1653 2202 1705; x_wconf 87' lang='lat' dir='ltr'>septima</span> <span class='ocrx_word' id='word_1_300' title='bbox 2223 1656 2260 1692; x_wconf 90' lang='lat' dir='ltr'>et</span> <span class='ocrx_word' id='word_1_301' title='bbox 2276 1663 2376 1691; x_wconf 88' lang='lat' dir='ltr'>nona</span> <span class='ocrx_word' id='word_1_302' title='bbox 2392 1648 2551 1704; x_wconf 90' lang='lat' dir='ltr'>stropha</span> 
     </span>
     <span class='ocr_line' id='line_1_23' title="bbox 173 1713 2549 1772; baseline -0 -17"><span class='ocrx_word' id='word_1_303' title='bbox 173 1713 313 1756; x_wconf 85' lang='lat' dir='ltr'>dictum</span> <span class='ocrx_word' id='word_1_304' title='bbox 341 1714 441 1756; x_wconf 80' lang='lat' dir='ltr'>volo.</span> <span class='ocrx_word' id='word_1_305' title='bbox 497 1713 596 1757; x_wconf 90' lang='lat' dir='ltr'>Nam</span> <span class='ocrx_word' id='word_1_306' title='bbox 625 1714 709 1756; x_wconf 80' lang='lat' dir='ltr'>eum</span> <span class='ocrx_word' id='word_1_307' title='bbox 738 1729 782 1757; x_wconf 93' lang='lat' dir='ltr'>eo</span> <span class='ocrx_word' id='word_1_308' title='bbox 812 1715 994 1757; x_wconf 88' lang='lat' dir='ltr'>deductus</span> <span class='ocrx_word' id='word_1_309' title='bbox 1022 1718 1109 1765; x_wconf 90' lang='lat' dir='ltr'>sim,</span> <span class='ocrx_word' id='word_1_310' title='bbox 1145 1722 1188 1757; x_wconf 89' lang='lat' dir='ltr'>ut</span> <span class='ocrx_word' id='word_1_311' title='bbox 1214 1718 1345 1757; x_wconf 89' lang='lat' dir='ltr'>tertiae</span> <span class='ocrx_word' id='word_1_312' title='bbox 1374 1716 1553 1772; x_wconf 89' lang='lat' dir='ltr'>strophae</span> <span class='ocrx_word' id='word_1_313' title='bbox 1581 1717 1832 1771; x_wconf 90' lang='lat' dir='ltr'>patrocinium</span> <span class='ocrx_word' id='word_1_314' title='bbox 1861 1717 2106 1772; x_wconf 82' lang='lat' dir='ltr'>susciperem,</span> <span class='ocrx_word' id='word_1_315' title='bbox 2140 1730 2216 1757; x_wconf 90' lang='lat' dir='ltr'>non</span> <span class='ocrx_word' id='word_1_316' title='bbox 2250 1716 2389 1771; x_wconf 76' lang='lat' dir='ltr'>poterit</span> <span class='ocrx_word' id='word_1_317' title='bbox 2416 1715 2549 1756; x_wconf 90' lang='lat' dir='ltr'>mirum</span> 
     </span>
     <span class='ocr_line' id='line_1_24' title="bbox 173 1778 1916 1837; baseline 0.001 -16"><span class='ocrx_word' id='word_1_318' title='bbox 173 1778 308 1830; x_wconf 85' lang='lat' dir='ltr'>videri,</span> <span class='ocrx_word' id='word_1_319' title='bbox 337 1779 442 1835; x_wconf 91' lang='lat' dir='ltr'>quod</span> <span class='ocrx_word' id='word_1_320' title='bbox 471 1782 581 1821; x_wconf 87' lang='lat' dir='ltr'>etiam</span> <span class='ocrx_word' id='word_1_321' title='bbox 611 1782 809 1837; x_wconf 85' lang='lat' dir='ltr'>septimam</span> <span class='ocrx_word' id='word_1_322' title='bbox 837 1788 875 1821; x_wconf 90' lang='lat' dir='ltr'>et</span> <span class='ocrx_word' id='word_1_323' title='bbox 901 1796 1041 1822; x_wconf 89' lang='lat' dir='ltr'>nonam</span> <span class='ocrx_word' id='word_1_324' title='bbox 1069 1781 1197 1823; x_wconf 90' lang='lat' dir='ltr'>tuendi</span> <span class='ocrx_word' id='word_1_325' title='bbox 1222 1780 1431 1837; x_wconf 88' lang='lat' dir='ltr'>periculum</span> <span class='ocrx_word' id='word_1_326' title='bbox 1459 1780 1669 1823; x_wconf 86' lang='lat' dir='ltr'>faciendum</span> <span class='ocrx_word' id='word_1_327' title='bbox 1695 1782 1916 1837; x_wconf 89' lang='lat' dir='ltr'>putaverim.</span> 
     </span>
    </p>

    <p class='ocr_par' dir='ltr' id='par_1_4' title="bbox 350 1845 1274 1905">
     <span class='ocr_line' id='line_1_25' title="bbox 350 1845 1274 1905; baseline 0.003 -19"><span class='ocrx_word' id='word_1_328' title='bbox 350 1845 473 1887; x_wconf 91' lang='lat' dir='ltr'>Venio</span> <span class='ocrx_word' id='word_1_329' title='bbox 501 1848 619 1902; x_wconf 91' lang='lat' dir='ltr'>igitur</span> <span class='ocrx_word' id='word_1_330' title='bbox 647 1848 719 1888; x_wconf 89' lang='lat' dir='ltr'>iam</span> <span class='ocrx_word' id='word_1_331' title='bbox 749 1846 798 1888; x_wconf 93' lang='lat' dir='ltr'>ad</span> <span class='ocrx_word' id='word_1_332' title='bbox 826 1848 1023 1903; x_wconf 88' lang='lat' dir='ltr'>septimam</span> <span class='ocrx_word' id='word_1_333' title='bbox 1052 1847 1274 1905; x_wconf 89' lang='lat' dir='ltr'>stropham:</span> 
     </span>
    </p>

    <p class='ocr_par' dir='ltr' id='par_1_5' title="bbox 973 1913 1699 1968">
     <span class='ocr_line' id='line_1_26' title="bbox 973 1913 1699 1968; baseline -0.003 -14"><span class='ocrx_word' id='word_1_334' title='bbox 973 1913 1069 1954; x_wconf 86' lang='lat' dir='ltr'>luno</span> <span class='ocrx_word' id='word_1_335' title='bbox 1098 1919 1135 1955; x_wconf 90' lang='lat' dir='ltr'>et</span> <span class='ocrx_word' id='word_1_336' title='bbox 1160 1914 1316 1955; x_wconf 88' lang='lat' dir='ltr'>deorum</span> <span class='ocrx_word' id='word_1_337' title='bbox 1345 1914 1516 1968; x_wconf 86' lang='lat' dir='ltr'>quisquis</span> <span class='ocrx_word' id='word_1_338' title='bbox 1545 1913 1699 1953; x_wconf 89' lang='lat' dir='ltr'>amicior</span> 
     </span>
    </p>

    <p class='ocr_par' dir='ltr' id='par_1_6' title="bbox 961 1979 1619 2034">
     <span class='ocr_line' id='line_1_27' title="bbox 961 1979 1619 2034; baseline -0.003 -12"><span class='ocrx_word' id='word_1_339' title='bbox 961 1979 1068 2022; x_wconf 85' lang='lat' dir='ltr'>Afris</span> <span class='ocrx_word' id='word_1_340' title='bbox 1095 1979 1215 2021; x_wconf 88' lang='lat' dir='ltr'>inulta</span> <span class='ocrx_word' id='word_1_341' title='bbox 1242 1986 1406 2021; x_wconf 89' lang='lat' dir='ltr'>cesserat</span> <span class='ocrx_word' id='word_1_342' title='bbox 1432 1981 1619 2034; x_wconf 88' lang='lat' dir='ltr'>impotens</span> 
     </span>
    </p>

    <p class='ocr_par' dir='ltr' id='par_1_7' title="bbox 965 2045 2144 2107">
     <span class='ocr_line' id='line_1_28' title="bbox 965 2045 2144 2107; baseline -0.003 -20"><span class='ocrx_word' id='word_1_343' title='bbox 965 2045 1138 2094; x_wconf 90' lang='lat' dir='ltr'>Tellure,</span> <span class='ocrx_word' id='word_1_344' title='bbox 1167 2047 1350 2086; x_wconf 87' lang='lat' dir='ltr'>victorum</span> <span class='ocrx_word' id='word_1_345' title='bbox 1378 2051 1535 2101; x_wconf 88' lang='lat' dir='ltr'>nepotes</span> <span class='ocrx_word' id='word_1_346' title='bbox 2126 2077 2144 2107; x_wconf 56' lang='grc' dir='ltr'><strong><em>ο</em></strong></span> 
     </span>
    </p>

    <p class='ocr_par' dir='ltr' id='par_1_8' title="bbox 173 2110 2549 2761">
     <span class='ocr_line' id='line_1_29' title="bbox 962 2110 1551 2168; baseline 0 -16"><span class='ocrx_word' id='word_1_347' title='bbox 962 2111 1124 2153; x_wconf 84' lang='lat' dir='ltr'>Rettulit</span> <span class='ocrx_word' id='word_1_348' title='bbox 1152 2110 1302 2153; x_wconf 82' lang='lat' dir='ltr'>inferias</span> <span class='ocrx_word' id='word_1_349' title='bbox 1331 2111 1551 2168; x_wconf 80' lang='lat' dir='ltr'>Iugurthae,</span> 
     </span>
     <span class='ocr_line' id='line_1_30' title="bbox 174 2175 2547 2235; baseline -0 -17"><span class='ocrx_word' id='word_1_350' title='bbox 174 2178 279 2218; x_wconf 90' lang='lat' dir='ltr'>cuius</span> <span class='ocrx_word' id='word_1_351' title='bbox 306 2178 512 2219; x_wconf 88' lang='lat' dir='ltr'>orationem</span> <span class='ocrx_word' id='word_1_352' title='bbox 541 2184 579 2219; x_wconf 90' lang='lat' dir='ltr'>et</span> <span class='ocrx_word' id='word_1_353' title='bbox 604 2178 719 2220; x_wconf 84' lang='lat' dir='ltr'>verba</span> <span class='ocrx_word' id='word_1_354' title='bbox 747 2192 793 2220; x_wconf 93' lang='lat' dir='ltr'>ne</span> <span class='ocrx_word' id='word_1_355' title='bbox 822 2178 886 2220; x_wconf 93' lang='lat' dir='ltr'>Tu</span> <span class='ocrx_word' id='word_1_356' title='bbox 914 2178 1066 2235; x_wconf 87' lang='lat' dir='ltr'>quidem</span> <span class='ocrx_word' id='word_1_357' title='bbox 1089 2177 1362 2234; x_wconf 86' lang='lat' dir='ltr'>reprehendere</span> <span class='ocrx_word' id='word_1_358' title='bbox 1390 2176 1547 2226; x_wconf 79' lang='lat' dir='ltr'>videris3</span> <span class='ocrx_word' id='word_1_359' title='bbox 1575 2176 1647 2218; x_wconf 86' lang='lat' dir='ltr'>alia</span> <span class='ocrx_word' id='word_1_360' title='bbox 1675 2181 1765 2219; x_wconf 88' lang='lat' dir='ltr'>sunt</span> <span class='ocrx_word' id='word_1_361' title='bbox 1790 2190 1885 2233; x_wconf 90' lang='lat' dir='ltr'>quae</span> <span class='ocrx_word' id='word_1_362' title='bbox 1907 2176 1963 2218; x_wconf 91' lang='lat' dir='ltr'>Te</span> <span class='ocrx_word' id='word_1_363' title='bbox 1983 2175 2219 2231; x_wconf 81' lang='lat' dir='ltr'>offendant.·)</span> <span class='ocrx_word' id='word_1_364' title='bbox 2263 2181 2318 2218; x_wconf 90' lang='lat' dir='ltr'>At</span> <span class='ocrx_word' id='word_1_365' title='bbox 2345 2176 2436 2218; x_wconf 89' lang='lat' dir='ltr'>mihi</span> <span class='ocrx_word' id='word_1_366' title='bbox 2464 2178 2547 2232; x_wconf 90' lang='lat' dir='ltr'>qui-</span> 
     </span>
     <span class='ocr_line' id='line_1_31' title="bbox 173 2242 2546 2299; baseline 0 -15"><span class='ocrx_word' id='word_1_367' title='bbox 173 2243 257 2284; x_wconf 83' lang='lat' dir='ltr'>dem</span> <span class='ocrx_word' id='word_1_368' title='bbox 284 2244 375 2285; x_wconf 89' lang='lat' dir='ltr'>haec</span> <span class='ocrx_word' id='word_1_369' title='bbox 402 2247 597 2294; x_wconf 88' lang='lat' dir='ltr'>sententia,</span> <span class='ocrx_word' id='word_1_370' title='bbox 626 2260 701 2299; x_wconf 88' lang='lat' dir='ltr'>qua</span> <span class='ocrx_word' id='word_1_371' title='bbox 730 2246 827 2287; x_wconf 88' lang='lat' dir='ltr'>mala</span> <span class='ocrx_word' id='word_1_372' title='bbox 854 2245 941 2287; x_wconf 90' lang='lat' dir='ltr'>belli</span> <span class='ocrx_word' id='word_1_373' title='bbox 969 2245 1085 2286; x_wconf 89' lang='lat' dir='ltr'>civilis</span> <span class='ocrx_word' id='word_1_374' title='bbox 1114 2245 1298 2286; x_wconf 83' lang='lat' dir='ltr'>Romanis</span> <span class='ocrx_word' id='word_1_375' title='bbox 1327 2244 1374 2285; x_wconf 91' lang='lat' dir='ltr'>ab</span> <span class='ocrx_word' id='word_1_376' title='bbox 1402 2246 1550 2285; x_wconf 90' lang='lat' dir='ltr'>inimico</span> <span class='ocrx_word' id='word_1_377' title='bbox 1579 2250 1617 2285; x_wconf 88' lang='lat' dir='ltr'>et</span> <span class='ocrx_word' id='word_1_378' title='bbox 1645 2242 1778 2285; x_wconf 78' lang='lat' dir='ltr'>infesto</span> <span class='ocrx_word' id='word_1_379' title='bbox 1807 2243 1931 2298; x_wconf 89' lang='lat' dir='ltr'>aliquo</span> <span class='ocrx_word' id='word_1_380' title='bbox 1959 2243 2030 2284; x_wconf 90' lang='lat' dir='ltr'>deo</span> <span class='ocrx_word' id='word_1_381' title='bbox 2059 2249 2127 2285; x_wconf 91' lang='lat' dir='ltr'>aut</span> <span class='ocrx_word' id='word_1_382' title='bbox 2148 2258 2171 2284; x_wconf 90' lang='lat' dir='ltr'>a</span> <span class='ocrx_word' id='word_1_383' title='bbox 2189 2243 2363 2299; x_wconf 86' lang='lat' dir='ltr'>pluribus</span> <span class='ocrx_word' id='word_1_384' title='bbox 2382 2244 2546 2285; x_wconf 87' lang='lat' dir='ltr'>immissa</span> 
     </span>
     <span class='ocr_line' id='line_1_32' title="bbox 174 2307 2547 2367; baseline 0 -17"><span class='ocrx_word' id='word_1_385' title='bbox 174 2323 253 2351; x_wconf 89' lang='lat' dir='ltr'>esse</span> <span class='ocrx_word' id='word_1_386' title='bbox 277 2308 465 2360; x_wconf 90' lang='lat' dir='ltr'>dicuntur,</span> <span class='ocrx_word' id='word_1_387' title='bbox 487 2316 617 2353; x_wconf 87' lang='lat' dir='ltr'>sextae</span> <span class='ocrx_word' id='word_1_388' title='bbox 641 2311 820 2367; x_wconf 88' lang='lat' dir='ltr'>strophae</span> <span class='ocrx_word' id='word_1_389' title='bbox 848 2326 927 2353; x_wconf 92' lang='lat' dir='ltr'>non</span> <span class='ocrx_word' id='word_1_390' title='bbox 947 2313 1070 2367; x_wconf 86' lang='lat' dir='ltr'>inepte</span> <span class='ocrx_word' id='word_1_391' title='bbox 1090 2309 1241 2352; x_wconf 81' lang='lat' dir='ltr'>videtur</span> <span class='ocrx_word' id='word_1_392' title='bbox 1259 2309 1437 2359; x_wconf 82' lang='lat' dir='ltr'>subiecta,</span> <span class='ocrx_word' id='word_1_393' title='bbox 1464 2324 1534 2351; x_wconf 85' lang='lat' dir='ltr'>nec</span> <span class='ocrx_word' id='word_1_394' title='bbox 1553 2311 1678 2350; x_wconf 89' lang='lat' dir='ltr'>minus</span> <span class='ocrx_word' id='word_1_395' title='bbox 1699 2314 1785 2366; x_wconf 88' lang='lat' dir='ltr'>apte</span> <span class='ocrx_word' id='word_1_396' title='bbox 1806 2314 1896 2358; x_wconf 90' lang='lat' dir='ltr'>tum,</span> <span class='ocrx_word' id='word_1_397' title='bbox 1920 2307 2067 2350; x_wconf 90' lang='lat' dir='ltr'>utillud</span> <span class='ocrx_word' id='word_1_398' title='bbox 2087 2311 2138 2350; x_wconf 91' lang='lat' dir='ltr'>ita</span> <span class='ocrx_word' id='word_1_399' title='bbox 2157 2323 2239 2350; x_wconf 89' lang='lat' dir='ltr'>esse</span> <span class='ocrx_word' id='word_1_400' title='bbox 2258 2307 2547 2359; x_wconf 84' lang='lat' dir='ltr'>demonstretur,</span> 
     </span>
     <span class='ocr_line' id='line_1_33' title="bbox 176 2370 2549 2434; baseline 0 -19"><span class='ocrx_word' id='word_1_401' title='bbox 176 2375 375 2416; x_wconf 91' lang='lat' dir='ltr'>multorum</span> <span class='ocrx_word' id='word_1_402' title='bbox 394 2377 637 2433; x_wconf 86' lang='lat' dir='ltr'>proeliorum,</span> <span class='ocrx_word' id='word_1_403' title='bbox 655 2377 791 2434; x_wconf 90' lang='lat' dir='ltr'>quibus</span> <span class='ocrx_word' id='word_1_404' title='bbox 812 2377 1075 2419; x_wconf 88' lang='lat' dir='ltr'>Romanorum</span> <span class='ocrx_word' id='word_1_405' title='bbox 1095 2378 1192 2417; x_wconf 91' lang='lat' dir='ltr'>inter</span> <span class='ocrx_word' id='word_1_406' title='bbox 1210 2389 1251 2416; x_wconf 89' lang='lat' dir='ltr'>se</span> <span class='ocrx_word' id='word_1_407' title='bbox 1271 2376 1515 2416; x_wconf 89' lang='lat' dir='ltr'>saevientium</span> <span class='ocrx_word' id='word_1_408' title='bbox 1532 2376 1687 2431; x_wconf 89' lang='lat' dir='ltr'>sanguis</span> <span class='ocrx_word' id='word_1_409' title='bbox 1708 2370 1887 2430; x_wconf 86' lang='lat' dir='ltr'>profusus</span> <span class='ocrx_word' id='word_1_410' title='bbox 1904 2376 1964 2423; x_wconf 90' lang='lat' dir='ltr'>sit,</span> <span class='ocrx_word' id='word_1_411' title='bbox 1993 2375 2131 2415; x_wconf 91' lang='lat' dir='ltr'>mentio</span> <span class='ocrx_word' id='word_1_412' title='bbox 2150 2373 2243 2420; x_wconf 80' lang='lat' dir='ltr'>fieri,</span> <span class='ocrx_word' id='word_1_413' title='bbox 2264 2380 2363 2416; x_wconf 88' lang='lat' dir='ltr'>recte</span> <span class='ocrx_word' id='word_1_414' title='bbox 2383 2377 2495 2416; x_wconf 84' lang='lat' dir='ltr'>etiam</span> <span class='ocrx_word' id='word_1_415' title='bbox 2511 2380 2549 2416; x_wconf 88' lang='lat' dir='ltr'>et</span> 
     </span>
     <span class='ocr_line' id='line_1_34' title="bbox 176 2440 2546 2495; baseline 0.001 -15"><span class='ocrx_word' id='word_1_416' title='bbox 176 2442 447 2483; x_wconf 89' lang='lat' dir='ltr'>accommodate</span> <span class='ocrx_word' id='word_1_417' title='bbox 471 2443 612 2484; x_wconf 88' lang='lat' dir='ltr'>Catone</span> <span class='ocrx_word' id='word_1_418' title='bbox 640 2449 932 2484; x_wconf 87' lang='lat' dir='ltr'>commemorato</span> <span class='ocrx_word' id='word_1_419' title='bbox 949 2442 1080 2484; x_wconf 85' lang='lat' dir='ltr'>Africa</span> <span class='ocrx_word' id='word_1_420' title='bbox 1109 2441 1334 2483; x_wconf 87' lang='lat' dir='ltr'>introducta.</span> <span class='ocrx_word' id='word_1_421' title='bbox 1370 2440 1636 2488; x_wconf 87' lang='lat' dir='ltr'>Quaerendum</span> <span class='ocrx_word' id='word_1_422' title='bbox 1651 2442 1733 2486; x_wconf 81' lang='lat' dir='ltr'>erit,</span> <span class='ocrx_word' id='word_1_423' title='bbox 1755 2454 1846 2481; x_wconf 90' lang='lat' dir='ltr'>num</span> <span class='ocrx_word' id='word_1_424' title='bbox 1863 2440 2048 2495; x_wconf 85' lang='lat' dir='ltr'>Iugurtha</span> <span class='ocrx_word' id='word_1_425' title='bbox 2074 2443 2107 2481; x_wconf 90' lang='lat' dir='ltr'>is</span> <span class='ocrx_word' id='word_1_426' title='bbox 2132 2443 2192 2489; x_wconf 88' lang='lat' dir='ltr'>sit,</span> <span class='ocrx_word' id='word_1_427' title='bbox 2219 2443 2326 2482; x_wconf 88' lang='lat' dir='ltr'>cuius</span> <span class='ocrx_word' id='word_1_428' title='bbox 2348 2441 2546 2482; x_wconf 85' lang='lat' dir='ltr'>vindictam</span> 
     </span>
     <span class='ocr_line' id='line_1_35' title="bbox 179 2504 2547 2565; baseline 0 -18"><span class='ocrx_word' id='word_1_429' title='bbox 179 2505 269 2548; x_wconf 93' lang='lat' dir='ltr'>luno</span> <span class='ocrx_word' id='word_1_430' title='bbox 295 2515 391 2550; x_wconf 88' lang='lat' dir='ltr'>recte</span> <span class='ocrx_word' id='word_1_431' title='bbox 418 2511 626 2564; x_wconf 87' lang='lat' dir='ltr'>suscepisse</span> <span class='ocrx_word' id='word_1_432' title='bbox 664 2508 735 2551; x_wconf 89' lang='lat' dir='ltr'>dici</span> <span class='ocrx_word' id='word_1_433' title='bbox 771 2510 905 2565; x_wconf 86' lang='lat' dir='ltr'>possit.</span> <span class='ocrx_word' id='word_1_434' title='bbox 961 2508 1034 2556; x_wconf 85' lang='lat' dir='ltr'>Qui</span> <span class='ocrx_word' id='word_1_435' title='bbox 1070 2522 1155 2550; x_wconf 88' lang='lat' dir='ltr'>cum</span> <span class='ocrx_word' id='word_1_436' title='bbox 1187 2512 1278 2563; x_wconf 89' lang='lat' dir='ltr'>post</span> <span class='ocrx_word' id='word_1_437' title='bbox 1310 2505 1551 2563; x_wconf 83' lang='lat' dir='ltr'>Carthaginis</span> <span class='ocrx_word' id='word_1_438' title='bbox 1585 2507 1776 2547; x_wconf 88' lang='lat' dir='ltr'>interitum</span> <span class='ocrx_word' id='word_1_439' title='bbox 1803 2504 1970 2556; x_wconf 79' lang='lat' dir='ltr'>Africae,</span> <span class='ocrx_word' id='word_1_440' title='bbox 2017 2506 2124 2547; x_wconf 88' lang='lat' dir='ltr'>cuius</span> <span class='ocrx_word' id='word_1_441' title='bbox 2160 2504 2329 2548; x_wconf 86' lang='lat' dir='ltr'>tutelaris</span> <span class='ocrx_word' id='word_1_442' title='bbox 2356 2505 2426 2548; x_wconf 88' lang='lat' dir='ltr'>dea</span> <span class='ocrx_word' id='word_1_443' title='bbox 2451 2504 2547 2548; x_wconf 84' lang='lat' dir='ltr'>Iuno</span> 
     </span>
     <span class='ocr_line' id='line_1_36' title="bbox 177 2571 2546 2631; baseline 0 -20"><span class='ocrx_word' id='word_1_444' title='bbox 177 2571 400 2624; x_wconf 86' lang='lat' dir='ltr'>habebatur,</span> <span class='ocrx_word' id='word_1_445' title='bbox 441 2574 622 2616; x_wconf 86' lang='lat' dir='ltr'>libertatis</span> <span class='ocrx_word' id='word_1_446' title='bbox 655 2581 842 2631; x_wconf 89' lang='lat' dir='ltr'>patronus</span> <span class='ocrx_word' id='word_1_447' title='bbox 875 2579 912 2615; x_wconf 91' lang='lat' dir='ltr'>et</span> <span class='ocrx_word' id='word_1_448' title='bbox 945 2573 1121 2615; x_wconf 83' lang='lat' dir='ltr'>defensor</span> <span class='ocrx_word' id='word_1_449' title='bbox 1154 2571 1434 2629; x_wconf 87' lang='lat' dir='ltr'>quodammodo</span> <span class='ocrx_word' id='word_1_450' title='bbox 1469 2571 1600 2612; x_wconf 83' lang='lat' dir='ltr'>suisset</span> <span class='ocrx_word' id='word_1_451' title='bbox 1632 2571 1805 2620; x_wconf 85' lang='lat' dir='ltr'>ultimus,</span> <span class='ocrx_word' id='word_1_452' title='bbox 1847 2571 2016 2627; x_wconf 89' lang='lat' dir='ltr'>equidem</span> <span class='ocrx_word' id='word_1_453' title='bbox 2046 2573 2084 2612; x_wconf 93' lang='lat' dir='ltr'>in</span> <span class='ocrx_word' id='word_1_454' title='bbox 2112 2574 2192 2612; x_wconf 91' lang='lat' dir='ltr'>eius</span> <span class='ocrx_word' id='word_1_455' title='bbox 2218 2574 2389 2628; x_wconf 83' lang='lat' dir='ltr'>quamvis</span> <span class='ocrx_word' id='word_1_456' title='bbox 2416 2571 2546 2613; x_wconf 78' lang='lat' dir='ltr'>nefarii</span> 
     </span>
     <span class='ocr_line' id='line_1_37' title="bbox 178 2636 2546 2696; baseline 0 -19"><span class='ocrx_word' id='word_1_457' title='bbox 178 2637 338 2679; x_wconf 88' lang='lat' dir='ltr'>hominis</span> <span class='ocrx_word' id='word_1_458' title='bbox 364 2654 524 2695; x_wconf 88' lang='lat' dir='ltr'>persona</span> <span class='ocrx_word' id='word_1_459' title='bbox 552 2640 642 2682; x_wconf 91' lang='lat' dir='ltr'>nihil</span> <span class='ocrx_word' id='word_1_460' title='bbox 671 2640 861 2690; x_wconf 79' lang='lat' dir='ltr'>offendor,</span> <span class='ocrx_word' id='word_1_461' title='bbox 894 2642 1114 2696; x_wconf 89' lang='lat' dir='ltr'>praesertim</span> <span class='ocrx_word' id='word_1_462' title='bbox 1144 2655 1229 2681; x_wconf 91' lang='lat' dir='ltr'>cum</span> <span class='ocrx_word' id='word_1_463' title='bbox 1257 2638 1353 2680; x_wconf 92' lang='lat' dir='ltr'>Iuno</span> <span class='ocrx_word' id='word_1_464' title='bbox 1380 2640 1490 2680; x_wconf 90' lang='lat' dir='ltr'>etiam</span> <span class='ocrx_word' id='word_1_465' title='bbox 1517 2637 1616 2687; x_wconf 89' lang='lat' dir='ltr'>alibi,</span> <span class='ocrx_word' id='word_1_466' title='bbox 1644 2638 1825 2694; x_wconf 90' lang='lat' dir='ltr'>imprimis</span> <span class='ocrx_word' id='word_1_467' title='bbox 1858 2636 1961 2694; x_wconf 88' lang='lat' dir='ltr'>apud</span> <span class='ocrx_word' id='word_1_468' title='bbox 1983 2637 2242 2680; x_wconf 86' lang='lat' dir='ltr'>Romanorum</span> <span class='ocrx_word' id='word_1_469' title='bbox 2271 2646 2415 2695; x_wconf 88' lang='lat' dir='ltr'>poetas,</span> <span class='ocrx_word' id='word_1_470' title='bbox 2441 2639 2546 2694; x_wconf 87' lang='lat' dir='ltr'>cupi·</span> 
     </span>
     <span class='ocr_line' id='line_1_38' title="bbox 178 2702 2544 2761; baseline 0 -17"><span class='ocrx_word' id='word_1_471' title='bbox 178 2702 292 2744; x_wconf 89' lang='lat' dir='ltr'>ditate</span> <span class='ocrx_word' id='word_1_472' title='bbox 329 2703 645 2747; x_wconf 86' lang='lat' dir='ltr'>vehementissima</span> <span class='ocrx_word' id='word_1_473' title='bbox 678 2712 790 2761; x_wconf 87' lang='lat' dir='ltr'>atque</span> <span class='ocrx_word' id='word_1_474' title='bbox 818 2711 863 2747; x_wconf 94' lang='lat' dir='ltr'>ut</span> <span class='ocrx_word' id='word_1_475' title='bbox 889 2707 965 2746; x_wconf 91' lang='lat' dir='ltr'>irae</span> <span class='ocrx_word' id='word_1_476' title='bbox 995 2719 1085 2747; x_wconf 89' lang='lat' dir='ltr'>suae</span> <span class='ocrx_word' id='word_1_477' title='bbox 1113 2704 1318 2746; x_wconf 80' lang='lat' dir='ltr'>satisfaciat</span> <span class='ocrx_word' id='word_1_478' title='bbox 1357 2705 1517 2745; x_wconf 85' lang='lat' dir='ltr'>iustitiae</span> <span class='ocrx_word' id='word_1_479' title='bbox 1546 2704 1766 2759; x_wconf 85' lang='lat' dir='ltr'>honestique</span> <span class='ocrx_word' id='word_1_480' title='bbox 1795 2706 1943 2745; x_wconf 90' lang='lat' dir='ltr'>minime</span> <span class='ocrx_word' id='word_1_481' title='bbox 1972 2717 2100 2745; x_wconf 88' lang='lat' dir='ltr'>curam</span> <span class='ocrx_word' id='word_1_482' title='bbox 2129 2704 2272 2746; x_wconf 89' lang='lat' dir='ltr'>habens</span> <span class='ocrx_word' id='word_1_483' title='bbox 2299 2703 2544 2745; x_wconf 84' lang='lat' dir='ltr'>describatur.</span> 
     </span>
    </p>
   </div>
   <div class='ocr_carea' id='block_1_3' title="bbox 291 2793 523 2797">
    <p class='ocr_par' dir='ltr' id='par_1_9' title="bbox 291 2793 523 2797">
     <span class='ocr_line' id='line_1_39' title="bbox 291 2793 523 2797; baseline 0 0"><span class='ocrx_word' id='word_1_484' title='bbox 291 2793 523 2797; x_wconf 95' lang='lat' dir='ltr'> </span> 
     </span>
    </p>
   </div>
   <div class='ocr_carea' id='block_1_4' title="bbox 538 2794 698 2799">
    <p class='ocr_par' dir='ltr' id='par_1_10' title="bbox 538 2794 698 2799">
     <span class='ocr_line' id='line_1_40' title="bbox 538 2794 698 2799; baseline 0 0"><span class='ocrx_word' id='word_1_485' title='bbox 538 2794 698 2799; x_wconf 95' lang='lat' dir='ltr'> </span> 
     </span>
    </p>
   </div>
   <div class='ocr_carea' id='block_1_5' title="bbox 170 2824 2546 3214">
    <p class='ocr_par' dir='ltr' id='par_1_11' title="bbox 170 2824 2546 3214">
     <span class='ocr_line' id='line_1_41' title="bbox 354 2824 2544 2880; baseline -0 -10"><span class='ocrx_word' id='word_1_486' title='bbox 354 2838 388 2876; x_wconf 77' lang='lat'>*)</span> <span class='ocrx_word' id='word_1_487' title='bbox 424 2840 543 2871; x_wconf 85' lang='lat' dir='ltr'>Ebend.</span> <span class='ocrx_word' id='word_1_488' title='bbox 567 2851 638 2880; x_wconf 82' lang='lat' dir='ltr'>pag.</span> <span class='ocrx_word' id='word_1_489' title='bbox 650 2837 725 2873; x_wconf 84' lang='lat'><strong>630.</strong></span> <span class='ocrx_word' id='word_1_490' title='bbox 757 2843 896 2880; x_wconf 78' lang='lat' dir='ltr'>„Lassen</span> <span class='ocrx_word' id='word_1_491' title='bbox 920 2843 978 2874; x_wconf 73' lang='lat' dir='ltr'>wir</span> <span class='ocrx_word' id='word_1_492' title='bbox 1000 2843 1062 2874; x_wconf 85' lang='lat' dir='ltr'>den</span> <span class='ocrx_word' id='word_1_493' title='bbox 1086 2841 1185 2874; x_wconf 82' lang='lat' dir='ltr'>Streit</span> <span class='ocrx_word' id='word_1_494' title='bbox 1219 2851 1273 2873; x_wconf 86' lang='lat' dir='ltr'>nm</span> <span class='ocrx_word' id='word_1_495' title='bbox 1294 2842 1347 2872; x_wconf 82' lang='lat' dir='ltr'>die</span> <span class='ocrx_word' id='word_1_496' title='bbox 1370 2840 1497 2871; x_wconf 78' lang='lat' dir='ltr'>fui-moll</span> <span class='ocrx_word' id='word_1_497' title='bbox 1516 2840 1690 2879; x_wconf 70' lang='lat' dir='ltr'>jedenfalls</span> <span class='ocrx_word' id='word_1_498' title='bbox 1712 2824 2032 2880; x_wconf 62' lang='lat' dir='ltr'>insammsnhanglos</span> <span class='ocrx_word' id='word_1_499' title='bbox 2055 2850 2162 2880; x_wconf 80' lang='lat' dir='ltr'>geuug</span> <span class='ocrx_word' id='word_1_500' title='bbox 2183 2840 2435 2879; x_wconf 78' lang='lat' dir='ltr'>eingesehobene</span> <span class='ocrx_word' id='word_1_501' title='bbox 2458 2840 2544 2870; x_wconf 77' lang='lat' dir='ltr'>sie-</span> 
     </span>
     <span class='ocr_line' id='line_1_42' title="bbox 176 2893 2544 2940; baseline 0 -12"><span class='ocrx_word' id='word_1_502' title='bbox 176 2898 304 2928; x_wconf 85' lang='lat' dir='ltr'>bente</span> <span class='ocrx_word' id='word_1_503' title='bbox 329 2893 466 2935; x_wconf 85' lang='lat' dir='ltr'>Strophe</span> <span class='ocrx_word' id='word_1_504' title='bbox 489 2897 565 2927; x_wconf 83' lang='lat' dir='ltr'>Iuno</span> <span class='ocrx_word' id='word_1_505' title='bbox 588 2902 618 2927; x_wconf 84' lang='lat' dir='ltr'>et</span> <span class='ocrx_word' id='word_1_506' title='bbox 638 2897 762 2929; x_wconf 79' lang='lat' dir='ltr'>deorum</span> <span class='ocrx_word' id='word_1_507' title='bbox 783 2899 921 2940; x_wconf 68' lang='lat' dir='ltr'>quisquis</span> <span class='ocrx_word' id='word_1_508' title='bbox 944 2899 1077 2930; x_wconf 79' lang='lat' dir='ltr'>amicior</span> <span class='ocrx_word' id='word_1_509' title='bbox 1099 2909 1129 2929; x_wconf 72' lang='lat' dir='ltr'>u.</span> <span class='ocrx_word' id='word_1_510' title='bbox 1149 2908 1174 2929; x_wconf 86' lang='lat' dir='ltr'>s.</span> <span class='ocrx_word' id='word_1_511' title='bbox 1194 2909 1232 2929; x_wconf 79' lang='lat' dir='ltr'>w.</span> <span class='ocrx_word' id='word_1_512' title='bbox 1255 2898 1309 2929; x_wconf 73' lang='lat' dir='ltr'>fur</span> <span class='ocrx_word' id='word_1_513' title='bbox 1332 2898 1394 2929; x_wconf 83' lang='lat' dir='ltr'>den</span> <span class='ocrx_word' id='word_1_514' title='bbox 1417 2897 1619 2936; x_wconf 82' lang='lat' dir='ltr'>Augenblick</span> <span class='ocrx_word' id='word_1_515' title='bbox 1642 2897 1702 2929; x_wconf 74' lang='lat' dir='ltr'>auf</span> <span class='ocrx_word' id='word_1_516' title='bbox 1721 2899 1789 2929; x_wconf 84' lang='lat' dir='ltr'>sich</span> <span class='ocrx_word' id='word_1_517' title='bbox 1811 2899 1961 2930; x_wconf 69' lang='lat' dir='ltr'>bei-uben.</span> <span class='ocrx_word' id='word_1_518' title='bbox 1998 2897 2058 2929; x_wconf 87' lang='lat' dir='ltr'>Die</span> <span class='ocrx_word' id='word_1_519' title='bbox 2071 2898 2324 2936; x_wconf 78' lang='lat' dir='ltr'>Auutellungen</span> <span class='ocrx_word' id='word_1_520' title='bbox 2346 2897 2388 2927; x_wconf 87' lang='lat' dir='ltr'>im</span> <span class='ocrx_word' id='word_1_521' title='bbox 2409 2895 2544 2928; x_wconf 80' lang='lat' dir='ltr'>Kleinen</span> 
     </span>
     <span class='ocr_line' id='line_1_43' title="bbox 172 2951 2546 2993; baseline -0 -9"><span class='ocrx_word' id='word_1_522' title='bbox 172 2956 290 2992; x_wconf 66' lang='lat' dir='ltr'>mugen</span> <span class='ocrx_word' id='word_1_523' title='bbox 311 2953 380 2982; x_wconf 84' lang='lat' dir='ltr'>sich</span> <span class='ocrx_word' id='word_1_524' title='bbox 402 2952 569 2982; x_wconf 71' lang='lat' dir='ltr'>immet-hin</span> <span class='ocrx_word' id='word_1_525' title='bbox 590 2954 764 2992; x_wconf 79' lang='lat' dir='ltr'>beseitigen</span> <span class='ocrx_word' id='word_1_526' title='bbox 786 2956 908 2993; x_wconf 69' lang='lat' dir='ltr'>lassam</span> <span class='ocrx_word' id='word_1_527' title='bbox 939 2956 989 2986; x_wconf 81' lang='lat' dir='ltr'>die</span> <span class='ocrx_word' id='word_1_528' title='bbox 1014 2956 1112 2986; x_wconf 74' lang='lat' dir='ltr'>letzte</span> <span class='ocrx_word' id='word_1_529' title='bbox 1135 2954 1382 2991; x_wconf 78' lang='lat' dir='ltr'>Entscheidung</span> <span class='ocrx_word' id='word_1_530' title='bbox 1405 2953 1483 2983; x_wconf 72' lang='lat' dir='ltr'>vird</span> <span class='ocrx_word' id='word_1_531' title='bbox 1506 2952 1559 2983; x_wconf 77' lang='lat' dir='ltr'>fni·</span> <span class='ocrx_word' id='word_1_532' title='bbox 1580 2954 1641 2984; x_wconf 84' lang='lat' dir='ltr'>den</span> <span class='ocrx_word' id='word_1_533' title='bbox 1664 2953 1840 2985; x_wconf 84' lang='lat' dir='ltr'>Einzelnen</span> <span class='ocrx_word' id='word_1_534' title='bbox 1863 2955 1967 2985; x_wconf 68' lang='lat' dir='ltr'>daven</span> <span class='ocrx_word' id='word_1_535' title='bbox 1990 2954 2169 2992; x_wconf 70' lang='lat' dir='ltr'>aangen,</span> <span class='ocrx_word' id='word_1_536' title='bbox 2192 2952 2314 2984; x_wconf 72' lang='lat' dir='ltr'>welche</span> <span class='ocrx_word' id='word_1_537' title='bbox 2335 2951 2546 2992; x_wconf 74' lang='lat' dir='ltr'>Vontsutmg</span> 
     </span>
     <span class='ocr_line' id='line_1_44' title="bbox 172 3006 2544 3048; baseline 0 -10"><span class='ocrx_word' id='word_1_538' title='bbox 172 3017 206 3039; x_wconf 79' lang='lat' dir='ltr'>er</span> <span class='ocrx_word' id='word_1_539' title='bbox 236 3008 306 3038; x_wconf 85' lang='lat' dir='ltr'>sich</span> <span class='ocrx_word' id='word_1_540' title='bbox 329 3016 394 3038; x_wconf 83' lang='lat' dir='ltr'>von</span> <span class='ocrx_word' id='word_1_541' title='bbox 416 3007 712 3047; x_wconf 75' lang='lat' dir='ltr'>Romergeainnung</span> <span class='ocrx_word' id='word_1_542' title='bbox 733 3011 798 3041; x_wconf 84' lang='lat' dir='ltr'>und</span> <span class='ocrx_word' id='word_1_543' title='bbox 819 3011 1122 3048; x_wconf 73' lang='lat' dir='ltr'>Romerauffassung</span> <span class='ocrx_word' id='word_1_544' title='bbox 1144 3011 1252 3041; x_wconf 73' lang='lat' dir='ltr'>mscht</span> <span class='ocrx_word' id='word_1_545' title='bbox 1280 3009 1467 3048; x_wconf 78' lang='lat' dir='ltr'>gegsnuber</span> <span class='ocrx_word' id='word_1_546' title='bbox 1488 3009 1589 3039; x_wconf 80' lang='lat' dir='ltr'>ciuem</span> <span class='ocrx_word' id='word_1_547' title='bbox 1612 3008 1906 3040; x_wconf 72' lang='lat' dir='ltr'>romerfeindlicben</span> <span class='ocrx_word' id='word_1_548' title='bbox 1931 3010 1996 3040; x_wconf 82' lang='lat' dir='ltr'>und</span> <span class='ocrx_word' id='word_1_549' title='bbox 2019 3007 2349 3039; x_wconf 71' lang='lat' dir='ltr'>remor-chandsnden</span> <span class='ocrx_word' id='word_1_550' title='bbox 2371 3006 2544 3046; x_wconf 63' lang='lat' dir='ltr'>Beth-ren,</span> 
     </span>
     <span class='ocr_line' id='line_1_45' title="bbox 170 3063 2545 3106; baseline 0.003 -13"><span class='ocrx_word' id='word_1_551' title='bbox 170 3064 230 3095; x_wconf 75' lang='lat' dir='ltr'>wie</span> <span class='ocrx_word' id='word_1_552' title='bbox 251 3064 425 3104; x_wconf 72' lang='lat' dir='ltr'>Jugurths,</span> <span class='ocrx_word' id='word_1_553' title='bbox 449 3073 489 3094; x_wconf 81' lang='lat' dir='ltr'>zu</span> <span class='ocrx_word' id='word_1_554' title='bbox 513 3064 627 3095; x_wconf 81' lang='lat' dir='ltr'>dessen</span> <span class='ocrx_word' id='word_1_555' title='bbox 648 3063 754 3095; x_wconf 84' lang='lat' dir='ltr'>Ebren</span> <span class='ocrx_word' id='word_1_556' title='bbox 776 3068 840 3097; x_wconf 83' lang='lat' dir='ltr'>und</span> <span class='ocrx_word' id='word_1_557' title='bbox 859 3067 1059 3106; x_wconf 78' lang='lat' dir='ltr'>glanzvoller</span> <span class='ocrx_word' id='word_1_558' title='bbox 1082 3066 1323 3106; x_wconf 72' lang='lat' dir='ltr'>Genugthunng</span> <span class='ocrx_word' id='word_1_559' title='bbox 1346 3065 1424 3102; x_wconf 70' lang='lat' dir='ltr'>hier,</span> <span class='ocrx_word' id='word_1_560' title='bbox 1459 3065 1507 3096; x_wconf 75' lang='lat'>⁸¹⁵</span> <span class='ocrx_word' id='word_1_561' title='bbox 1531 3074 1623 3096; x_wconf 65' lang='lat' dir='ltr'>&#39;Uenu</span> <span class='ocrx_word' id='word_1_562' title='bbox 1646 3074 1680 3095; x_wconf 77' lang='lat'>⁰⁸</span> <span class='ocrx_word' id='word_1_563' title='bbox 1703 3065 1806 3096; x_wconf 60' lang='lat' dir='ltr'>tinem</span> <span class='ocrx_word' id='word_1_564' title='bbox 1829 3065 2051 3097; x_wconf 64' lang='lat' dir='ltr'>Tmerfflrfltssn</span> <span class='ocrx_word' id='word_1_565' title='bbox 2074 3064 2218 3095; x_wconf 60' lang='lat' dir='ltr'>Pl&#39;bmu</span> <span class='ocrx_word' id='word_1_566' title='bbox 2241 3063 2343 3103; x_wconf 54' lang='grc' dir='ltr'>851ωέ</span> <span class='ocrx_word' id='word_1_567' title='bbox 2371 3064 2428 3095; x_wconf 67' lang='grc' dir='ltr'>ᾱθῒ</span> <span class='ocrx_word' id='word_1_568' title='bbox 2449 3064 2545 3096; x_wconf 74' lang='lat' dir='ltr'>¹¹⁸le</span> 
     </span>
     <span class='ocr_line' id='line_1_46' title="bbox 171 3119 2543 3162; baseline 0 -11"><span class='ocrx_word' id='word_1_569' title='bbox 171 3120 290 3160; x_wconf 80' lang='lat' dir='ltr'>Olymp</span> <span class='ocrx_word' id='word_1_570' title='bbox 315 3120 452 3151; x_wconf 78' lang='lat' dir='ltr'>bemuht</span> <span class='ocrx_word' id='word_1_571' title='bbox 471 3121 550 3150; x_wconf 78' lang='lat' dir='ltr'>wird</span> <span class='ocrx_word' id='word_1_572' title='bbox 572 3120 621 3151; x_wconf 75' lang='lat' dir='ltr'>als</span> <span class='ocrx_word' id='word_1_573' title='bbox 632 3119 849 3151; x_wconf 82' lang='lat' dir='ltr'>Vollstrecker</span> <span class='ocrx_word' id='word_1_574' title='bbox 870 3124 986 3161; x_wconf 76' lang='lat' dir='ltr'>ewiger</span> <span class='ocrx_word' id='word_1_575' title='bbox 1005 3123 1245 3162; x_wconf 73' lang='lat' dir='ltr'>Gerochtigkeit</span> <span class='ocrx_word' id='word_1_576' title='bbox 1265 3123 1333 3154; x_wconf 81' lang='lat' dir='ltr'>und</span> <span class='ocrx_word' id='word_1_577' title='bbox 1355 3121 1529 3159; x_wconf 74' lang='lat' dir='ltr'>znchtiger</span> <span class='ocrx_word' id='word_1_578' title='bbox 1551 3123 1605 3152; x_wconf 84' lang='lat' dir='ltr'>des</span> <span class='ocrx_word' id='word_1_579' title='bbox 1628 3122 1729 3152; x_wconf 85' lang='lat' dir='ltr'>durch</span> <span class='ocrx_word' id='word_1_580' title='bbox 1751 3122 1861 3153; x_wconf 68' lang='lat' dir='ltr'>eduen</span> <span class='ocrx_word' id='word_1_581' title='bbox 1883 3122 1961 3160; x_wconf 73' lang='lat' dir='ltr'>sieg</span> <span class='ocrx_word' id='word_1_582' title='bbox 1981 3122 2061 3152; x_wconf 74' lang='lat' dir='ltr'>fiber</span> <span class='ocrx_word' id='word_1_583' title='bbox 2083 3121 2163 3151; x_wconf 81' lang='lat' dir='ltr'>eben</span> <span class='ocrx_word' id='word_1_584' title='bbox 2181 3120 2274 3159; x_wconf 68' lang='lat' dir='ltr'>jane·</span> <span class='ocrx_word' id='word_1_585' title='bbox 2291 3120 2543 3152; x_wconf 64' lang='lat' dir='ltr'>Bethar-ntum</span> 
     </span>
     <span class='ocr_line' id='line_1_47' title="bbox 170 3172 2413 3214; baseline 0 -7"><span class='ocrx_word' id='word_1_586' title='bbox 170 3177 462 3209; x_wconf 70' lang='lat' dir='ltr'>schuldbeladenen</span> <span class='ocrx_word' id='word_1_587' title='bbox 485 3176 723 3214; x_wconf 75' lang='lat' dir='ltr'>Romervolkes,</span> <span class='ocrx_word' id='word_1_588' title='bbox 754 3177 807 3208; x_wconf 79' lang='lat' dir='ltr'>fm-</span> <span class='ocrx_word' id='word_1_589' title='bbox 830 3178 884 3208; x_wconf 75' lang='lat' dir='ltr'>das</span> <span class='ocrx_word' id='word_1_590' title='bbox 909 3180 958 3210; x_wconf 83' lang='lat' dir='ltr'>die</span> <span class='ocrx_word' id='word_1_591' title='bbox 980 3180 1096 3210; x_wconf 81' lang='lat' dir='ltr'>andere</span> <span class='ocrx_word' id='word_1_592' title='bbox 1120 3178 1232 3210; x_wconf 63' lang='lat' dir='ltr'>Halae</span> <span class='ocrx_word' id='word_1_593' title='bbox 1256 3178 1473 3210; x_wconf 84' lang='lat' dir='ltr'>himmlischer</span> <span class='ocrx_word' id='word_1_594' title='bbox 1488 3176 1733 3209; x_wconf 73' lang='lat' dir='ltr'>Schutzmachte</span> <span class='ocrx_word' id='word_1_595' title='bbox 1757 3178 1913 3209; x_wconf 74' lang='lat' dir='ltr'>machtlcs</span> <span class='ocrx_word' id='word_1_596' title='bbox 1936 3178 2012 3207; x_wconf 83' lang='lat' dir='ltr'>oder</span> <span class='ocrx_word' id='word_1_597' title='bbox 2027 3175 2258 3207; x_wconf 54' lang='lat' dir='ltr'>absumuntu-</span> <span class='ocrx_word' id='word_1_598' title='bbox 2280 3172 2413 3208; x_wconf 59' lang='lat' dir='ltr'>weiht-‘⁴</span> 
     </span>
    </p>
   </div>
  </div>
 </body>
</html>
