2720 3459
1392 144 1454 192 32

237 294 282 329 ut
309 288 407 329 τάδε
440 291 507 330 vix
534 288 584 329 ad
615 288 699 328 illas
732 289 951 343 sepulturae
985 303 1114 344 preces
1147 289 1279 332 referri
1312 293 1443 345 possit.
1498 287 1577 330 Sed
1604 289 1716 330 etiam
1744 286 1792 329 ad
1821 287 1932 343 plura
1959 287 2051 329 mihi
2080 288 2209 330 vitium
2236 288 2422 343 pertinere
2448 286 2607 336 videtur,

238 360 295 404 ct,
324 368 553 410 quamquam
581 351 781 405 dubitans,
809 355 864 398 sic
889 352 967 399 sere
994 356 1177 412 scriptum
1202 352 1318 398 fuisse
1343 360 1455 412 puto:

898 420 1020 477 σφῷν
1047 420 1090 462 δ’
1117 419 1165 463 εὖ
1192 420 1321 478 διδοίη
1348 419 1466 468 Ζεύς,
1495 418 1594 475 φίλ’
1621 420 1658 460 εἷ
1684 419 1832 460 τελεῒτέ
1856 433 1928 473 μοι

903 486 1119 528 θανόντι·
1146 487 1223 529 καὶ
1249 486 1341 541 γὰρ
1371 483 1489 533 ζῶντί
1513 484 1555 538 γ’
1582 484 1756 528 οὐκέθ’
1783 484 1932 533 ἕξετον.

595 561 645 605 V.
675 562 794 607 1454.
823 577 875 606 s..
902 561 1000 621 ὁρᾷ,
1028 564 1110 621 ὁρᾷ
1137 561 1248 606 ταῦτ’
1275 560 1339 605 ἀεὶ
1361 548 1529 617 χρόνος,
1558 557 1670 604 ἐπεὶ
1694 558 1773 617 μὲν
1799 559 1936 619 ἔτερα,

904 630 953 672 τὰ
980 628 1027 672 δὲ
1055 645 1136 686 παρ
1145 626 1293 687 ’ἦμαρ
1321 623 1471 673 αὖθις
1494 623 1631 675 αὔξων
1659 626 1758 670 ἅνω.

238 696 310 739 Hic
336 696 444 738 locus
471 694 634 738 multum
660 701 824 739 vexatus
852 695 942 737 mihi
968 697 1022 737 sic
1048 692 1300 737 emendandus
1327 692 1487 743 videtur,
1513 699 1558 736 ut
1580 707 1653 750 pro
1681 693 1772 736 ἐπεί
1796 693 1985 737 scribatur
2011 686 2131 743 ἔτει,
2158 698 2438 749 praetereaque,
2465 695 2509 731 ut
2534 691 2608 731 iam

239 760 301 803 alii
328 760 535 804 voluerunt
561 761 719 803 αὐτίκ’
744 776 817 818 pro
845 760 981 807 αὖθιςε

774 826 858 885 ὁρᾷ
885 825 928 882 (s.
956 826 1037 884 ὁρᾷ
1065 824 1134 882 δ’),
1165 823 1247 882 ὁρᾷ
1274 822 1390 866 ταῦτ’
1416 823 1482 867 ἀεὶ
1503 823 1672 883 χρόνος,
1701 821 1800 867 ἔτει
1824 823 1903 881 μὲν
1930 822 2068 881 ἕτερα,

770 892 819 933 τὰ
845 891 893 933 δὲ
920 891 1020 947 παρ’
1045 890 1157 947 ἦμαρ
1185 888 1341 931 αὐτίκ’
1368 887 1505 937 αὔξων
1532 889 1631 932 ἄνω.

247 957 354 996 Videt
378 957 421 1010 (i.
448 970 482 999 e.
510 963 620 999 curat
646 964 691 999 ut
715 963 886 999 eventum
914 956 1090 1009 habeant)
1124 958 1209 996 haec
1242 954 1308 1009 (τὰ
1341 956 1422 996 τῶν
1459 953 1572 997 θεῶν
1598 954 1829 1010 ἀξιώματα,
1861 957 2008 996 deorum
2034 957 2204 1003 oracula,
2240 959 2286 995 ιιι
2309 966 2386 995 non
2412 952 2530 994 πάντ’
2557 954 2608 993 sit

241 1021 500 1078 scribendum)
525 1038 667 1077 semper·
692 1032 845 1076 tempus,
873 1037 967 1062 anno
993 1023 1031 1076 (i.
1051 1036 1082 1062 e.
1108 1026 1197 1078 post
1222 1020 1375 1077 longius
1401 1021 1583 1077 temporis
1610 1020 1791 1076 spatium)
1818 1023 1911 1070 alia,
1939 1023 2016 1061 alia
2043 1023 2125 1072 ipso
2152 1021 2271 1060 atatim
2297 1021 2356 1060 die
2382 1018 2498 1074 (intra
2523 1015 2609 1059 brc-

240 1088 438 1130 vissimum
465 1090 632 1145 tcmpus)
659 1105 801 1130 sursum
827 1091 991 1129 molstus
1019 1086 1085 1140 (ad
1111 1086 1256 1129 exitum
1284 1086 1503 1144 adducens).
1530 1085 1583 1130 Ut
1606 1086 1668 1129 hic
1691 1083 1785 1137 ἔτει,
1814 1087 1869 1129 sic
1887 1090 2075 1128 nostrates
2098 1083 2229 1127 dicunt
2247 1087 2285 1125 ιίι
2304 1086 2400 1127 Jahr
2418 1085 2499 1125 und
2518 1084 2609 1136 Tay.

241 1151 408 1198 Oracula
430 1155 612 1211 quamdiu
632 1155 798 1197 nondum
819 1151 1039 1204 evenerum,
1061 1154 1168 1211 quasi
1182 1154 1324 1195 semina
1342 1162 1380 1196 et
1394 1155 1563 1212 germina
1578 1167 1697 1212 parva
1714 1158 1804 1194 sunt
1821 1158 1859 1194 et
1878 1152 1996 1194 latent
2017 1151 2102 1205 (cfr.
2117 1151 2212 1193 Hor.
2227 1150 2351 1193 Carm.
2365 1150 2428 1192 111.
2443 1149 2510 1194 29.
2525 1149 2608 1194 30.:

241 1219 397 1262 futuri
424 1222 658 1278 temporis
684 1223 861 1263 exitum
886 1244 942 1252 —-
965 1227 1096 1261 nocte
1122 1222 1295 1276 premit
1320 1219 1481 1276 deus);
1508 1235 1594 1263 cum
1621 1225 1796 1262 eventum
1822 1219 1981 1269 habent,
2009 1220 2119 1274 quasi
2146 1221 2187 1260 in
2214 1216 2332 1261 altum
2358 1221 2541 1260 crescunt.

772 1307 820 1350 V.
852 1309 986 1351 1551.=
1013 1306 1091 1366 ἤδη
1119 1306 1199 1363 γὰρ
1227 1305 1342 1363 ἕρπω
1370 1308 1455 1350 τὸν
1481 1308 1772 1352 τελευταῖον
1798 1308 1893 1364 βίον

1014 1372 1184 1431 κρύῴων
1209 1372 1313 1431 παρ’
1328 1367 1474 1433 Ἅιδην.

246 1437 475 1481 Τελευταῒον
495 1440 715 1496 quominus,
743 1444 787 1480 ut
813 1438 1120 1480 Schneidewinus
1148 1444 1288 1487 censet,
1314 1439 1519 1496 prolcpticc
1538 1441 1756 1496 accipiatur,
1782 1439 1929 1480 articuli
1951 1439 2059 1479 sedes
2078 1438 2274 1493 prohibet,
2299 1440 2339 1478 in
2369 1451 2447 1492 quo
2472 1451 2609 1492 genere

239 1506 300 1545 vir
326 1504 569 1545 doctissimus
597 1507 750 1560 saepius
776 1506 954 1560 peccavit.
991 1504 1202 1545 Turbatum
1231 1504 1371 1559 aliquid
1398 1504 1460 1546 hic
1487 1519 1569 1547 esse
1596 1511 1741 1546 certum
1768 1505 1860 1546 mihi
1886 1503 2046 1546 videtur.
2072 1503 2201 1560 ltaque
2228 1507 2296 1546 aut
2321 1499 2473 1559 elegans
2499 1499 2609 1544 Mus-

237 1572 359 1627 gravii
387 1572 604 1613 coniectura
632 1561 863 1613 admittenda
890 1569 981 1613 mihi
1005 1568 1170 1613 videtur:
1196 1567 1275 1629 ἤδη
1303 1568 1384 1627 γὰρ
1412 1566 1528 1627 ἕρπω
1555 1568 1639 1629 τὴν
1667 1567 1981 1620 τελευταίαν,
2019 1567 2114 1624 βίον
2137 1567 2310 1625 κρύψων
2336 1566 2438 1624 παρ’
2461 1562 2608 1668 Ἅιδην,

239 1640 306 1678 aut
332 1634 592 1678 scribendum.
620 1634 701 1694 ἤδη
728 1634 810 1693 γὰρ
834 1633 949 1692 ἕρπω
978 1633 1118 1677 τόνδε
1144 1634 1364 1677 δείλαιον
1390 1635 1486 1690 βίον
1512 1635 1685 1692 κρύῲων
1711 1636 1815 1693 παρ’
1831 1632 1974 1693 Ἅιδην.

417 1711 579 1757 Carmen
607 1727 658 1755 ex
685 1717 794 1769 parte
829 1714 1153 1769 corruptissimum
1189 1727 1247 1754 vv.
1278 1712 1558 1757 1557-1578.
1586 1727 1671 1756 cum
1699 1727 1749 1755 ex
1778 1713 1938 1755 aliorum
1976 1718 2057 1755 tum
2090 1727 2139 1755 ex
2173 1714 2265 1755 meis
2301 1713 2523 1755 coniecturis
2558 1713 2609 1753 sic

239 1777 478 1821 scribendum
505 1778 599 1820 mihi
627 1777 800 1820 videtur:

292 1855 343 1898 Εἰ
369 1853 492 1912 θέμις
518 1854 607 1898 ἐστι’
629 1871 701 1912 μοι
730 1854 802 1897 τὰν
829 1854 970 1912 ἀφανῆ
998 1853 1096 1898 θεὸν
1313 1870 1402 1914 στρ.
1445 1854 1481 1899 ὦ
1503 1855 1668 1917 χθόνιαι
1696 1855 1811 1909 θεαί,
1840 1856 1963 1912 σῶμά
1988 1856 2028 1897 τ’
2054 1855 2286 1899 ἀεικότου
2472 1853 2555 1895 ἀντ.

291 1921 358 1963 καὶ
385 1921 434 1963 σὲ
460 1919 588 1968 λίταις
612 1921 805 1977 σεβίζειν,
1445 1921 1591 1981 θηρός,
1620 1923 1668 1965 ὃν
1694 1922 1738 1964 ἐν
1764 1923 1923 1965 πύλαισι

291 1985 485 2045 ἐννυχίων
512 1985 628 2037 ἅναξ,
1447 1989 1548 2044 φασὶ
1574 1988 1875 2037 πολυξένοις
2452 1985 2556 2030 1570

290 2050 488 2103 Αἷδωνεῦ,
516 2052 714 2103 Αἶδωνεῦ,
741 2051 1014 2108 λίσσωμαι,
1301 2051 1404 2098 1560
1446 2051 1642 2096 εόνᾶσθαι
1668 2052 1895 2103 κνυζᾶσθαί
1918 2053 1957 2095 τ’
1983 2052 2034 2102 ἐξ
2056 2052 2216 2112 ἄντρων

291 2115 468 2176 ἑπιπόνῳ
494 2117 593 2177 μήτ’
620 2115 684 2161 ἐπὶ
711 2117 928 2178 βαρυαχεῒ
1447 2116 1656 2175 ἀδάματον
1685 2119 1845 2176 φύλακα
1872 2120 1975 2176 παρ’
1997 2117 2035 2162 'A
2043 2119 2061 2161 t
2065 2119 2126 2177 δᾳ

291 2183 405 2231 ξένον
431 2183 620 2232 ἐξανύσαι
1446 2185 1605 2241 λάχος
1629 2186 1717 2226 αἷὲν
1745 2185 1771 2227 ἔ
1769 2201 1893 2244 χειν,

288 2249 412 2306 μόρῳ
441 2250 515 2292 τὰν
541 2249 755 2307 παγκευθῆ
781 2251 893 2292 κάτω
1448 2248 1502 2292 τό
1510 2265 1545 2301 ν,
1573 2248 1610 2294 ὦ
1639 2248 1724 2298 Γᾶς
1747 2253 1823 2293 παῖ
1845 2249 1912 2293 καὶ
1943 2248 2168 2308 Ταρτάρου,

291 2318 447 2374 νεκρῶν
474 2315 605 2359 πλάκα
631 2316 698 2358 καὶ
727 2314 900 2371 Στύγιον
928 2314 1069 2372 δόμον.
1447 2315 1693 2376 κατεύχομαι
1721 2315 1765 2357 ἐν
1791 2315 1972 2373 καθαρῷ
1997 2315 2167 2371 μένειν
2453 2317 2555 2360 1575

291 2382 445 2422 πολλῶν
471 2384 565 2439 γάρ
595 2383 641 2423 οἱ
667 2383 726 2423 κά
733 2384 804 2438 μά
806 2398 917 2441 χων
1300 2382 1404 2426 1565
1449 2382 1681 2438 ὁρμωμένῳ
1711 2382 1910 2438 νερτέρας

290 2448 484 2504 πημάτων
512 2447 634 2505 ἐπορ
641 2448 806 2503 μένων
1448 2448 1506 2502 τῷ
1534 2445 1640 2503 ξένῳ
1670 2449 1826 2503 νεκρῶν
1852 2447 2016 2494 πλάκας.

291 2512 405 2553 πάλιν
431 2528 529 2571 σφε
557 2513 715 2569 δαίμων
742 2513 899 2560 δίκαιος
924 2511 1054 2562 αὔξοι.
1420 2521 1425 2566 Ι
1448 2511 1495 2554 σέ
1522 2527 1581 2555 τοι
1606 2512 1803 2571 κικλήσκω
1832 2513 1900 2555 τὸν
1927 2513 2148 2556 αἰένυπνον.

412 2590 465 2632 Ut
491 2594 661 2632 omittam
690 2606 785 2646 quac
821 2593 895 2632 iam
932 2591 1149 2633 Brunckius
1185 2589 1369 2637 correxit,
1402 2602 1437 2629 v.
1469 2589 1582 2633 1560.
1610 2604 1695 2631 cum
1724 2589 1922 2632 Dindorfio
1955 2589 2042 2633 dedi
2074 2590 2271 2647 λίσσωμαι
2305 2606 2377 2648 pro
2410 2590 2608 2647 λίσσομαι,

239 2669 274 2697 ν.
309 2656 422 2699 1561.
451 2670 500 2700 ex
527 2657 710 2700 Erfurdtii
741 2659 954 2700 coniectura
989 2671 1072 2700 cum
1109 2654 1192 2699 aliis
1228 2651 1404 2709 ἐπιπόνῳ
1432 2668 1503 2711 pro
1528 2654 1627 2714 μήτ’
1655 2654 1845 2712 ἐπιπόνιρ,
1884 2670 1918 2698 v.
1949 2656 2064 2700 1565.
2092 2658 2174 2715 ipse
2201 2658 2334 2714 scripsi
2363 2657 2444 2713 γάρ
2472 2657 2511 2698 οἱ
2537 2670 2609 2714 pro

239 2721 320 2778 γὰρ
349 2720 412 2773 ἄν,
442 2725 530 2779 quia
557 2723 713 2780 optandi
740 2722 863 2766 forma
891 2723 982 2766 mihi
1010 2725 1136 2781 aptior
1162 2720 1333 2771 videtur3
1369 2721 1428 2761 siu
1455 2720 1546 2762 nihil
1573 2722 1634 2763 hic
1661 2722 1882 2764 mutandum
1910 2737 2084 2773 censeas,
2112 2723 2163 2765 ἂν
2191 2746 2242 2755 -
2272 2722 2429 2778 δαίμων
2456 2722 2612 2770 δίκαιος

238 2786 355 2835 adem
377 2790 431 2830 sic
449 2790 718 2845 accipiendum:
746 2789 903 2845 δαίμων
931 2790 967 2831 εἰ
987 2789 1142 2835 δίκαιος
1167 2786 1241 2846 εἴη,
1270 2785 1387 2835 αὔξοι
1414 2784 1476 2828 ἄν.
1503 2787 1602 2830 Τιιιιι
1631 2803 1664 2831 v.
1691 2789 1803 2834 1566.
1832 2789 1878 2832 dc
1906 2805 1986 2833 mea
2015 2792 2228 2833 coniectura
2256 2790 2389 2846 scripsi
2411 2788 2610 2849 κάμάχων

237 2868 309 2911 pro
338 2869 404 2895 και
429 2854 560 2909 μάταν
588 2855 668 2909 (cfr.
698 2855 833 2897 Aesch.
863 2856 940 2913 Ag.
968 2855 1060 2899 707.
1089 2853 1253 2912 ἄμαχον
1280 2851 1420 2907 ἄλγος,
1450 2852 1555 2895 vind.
1583 2854 1697 2911 Pyth.
1726 2855 1771 2906 2,
1803 2856 1890 2901 139.
1916 2855 2078 2915 ἄμαχον
2104 2855 2264 2910 κακόν),
2299 2861 2337 2897 et
2372 2854 2609 2912 ἐπορμένων

236 2935 308 2978 pro
345 2919 608 2974 ἱκνουμένων,
644 2926 681 2962 et
713 2935 747 2962 v.
782 2922 896 2966 1567.
923 2936 1006 2987 σφε
1040 2921 1187 2964 Reiskii
1214 2917 1511 2962 emendationem
1545 2934 1627 2962 cum
1656 2920 1738 2963 aliis
1767 2936 1836 2978 pro
1865 2937 1925 2964 σε.
1975 2922 2019 2964 ln
2053 2921 2292 2978 antistropha
2325 2936 2360 2962 v.
2393 2921 2508 2966 1568.
2536 2936 2608 2979 pro

236 2988 426 3030 ἀνικάτου
454 2987 695 3029 Hermaunus
723 2995 808 3043 apte
829 2988 1065 3065 ἀμαχάνου,
1092 2986 1303 3029 Hesiodum
1330 2990 1484 3028 secutus
1511 2984 1656 3043 Theog.
1686 2988 1786 3038 3103
1812 3003 1884 3045 ego
1913 2988 2095 3031 librorum
2122 2990 2348 3045 scripturam
2375 2990 2495 3032 artius
2520 3003 2609 3046 pre-

237 3052 410 3097 mendam
444 3058 552 3096 ratus
587 3051 771 3094 ἀεικότου
808 3055 958 3111 scripsi3
992 3070 1027 3097 v.
1061 3052 1175 3098 1570.
1206 3067 1291 3096 cum
1319 3051 1402 3096 aliis
1429 3064 1501 3110 pro
1529 3051 1784 3101 πολυέέστοις
1809 3068 1858 3097 ex
1885 3054 2098 3112 Musgravii
2127 3055 2340 3097 coniectura
2366 3053 2607 3105 πολυξένοις,

238 3135 270 3160 v.
297 3120 412 3164 1571.
440 3133 526 3161 cum
547 3119 764 3161 Hermanno
788 3128 943 3175 propter
965 3120 1162 3176 stropham
1182 3119 1346 3177 praetuli
1372 3117 1598 3167 κνυζᾶσθαί
1623 3118 1660 3160 τ’
1688 3120 1793 3162 alteri
1821 3123 2030 3178 scripturae
2056 3120 2290 3170 κνυζεῖσθαί
2315 3121 2369 3171 τ’,
2404 3137 2482 3178 quo
2509 3121 2607 3164 facto
