2720 3459
1365 182 1429 232 24

739 329 785 370 V.
806 329 897 375 946.
927 345 973 372 s.:
1001 329 1038 372 εἰ
1066 327 1202 385 θυμός
1227 331 1334 374 ἐστιν
1360 330 1553 375 εὐτύκους
1579 329 1701 371 ναίειν
1728 328 1881 384 δόμους

1001 394 1191 438 πολλῶν
1216 396 1305 451 μετ’
1329 395 1473 449 ἄλλων,

208 474 281 517 pro
309 461 463 503 πολλῶν
490 460 582 501 mihi
610 460 847 502 scribendum
874 460 1024 502 videtur
1051 461 1260 513 πόλεως,
1289 461 1329 505 id
1356 468 1400 503 ut
1425 474 1449 503 ε
1475 460 1631 515 δόμους
1654 461 1828 517 pendeat.

693 525 743 568 V.
764 526 856 572 952.
885 541 934 569 s.:
961 526 1031 569 καί
1052 542 1134 582 μου
1162 527 1211 569 τὰ
1234 526 1312 583 μὲν
1338 523 1574 584 πραχθέντα
1601 526 1708 584 πρὸς
1732 527 1831 574 τοὺς
1854 525 2081 573 ἐκτενεῖς

961 592 1136 648 φίλους
1161 595 1314 648 πικρῶς
1337 590 1516 649 ἤκουσαν
1541 591 1824 648 αὐτανεψίους.

210 658 276 703 Sic
303 658 368 709 G.,
402 658 471 701 sed
497 658 553 702 M.
584 658 727 715 φίλου,
763 672 881 716 supra
907 659 956 702 δύ
984 660 1124 715 scripto
1151 658 1222 709 ο-σ,
1257 656 1302 700 Ε.
1330 662 1368 699 et
1393 656 1493 700 Rob.
1523 655 1654 714 φίλου.
1707 656 1786 700 Pro
1823 671 1868 701 eo
1902 658 2143 701 Hermannus
2174 657 2274 713 μάλ’
2301 657 2370 708 οὐ,
2408 658 2583 715 Engerus

208 726 363 767 coniecit
391 723 472 780 φίλ’
498 723 549 766 οὐ
576 723 682 780 πίκρ’
710 724 962 774 εἶς-ἤκουσαν,
1001 722 1261 766 Schwerdtius
1294 722 1399 765 dedit
1426 722 1511 779 φίλ’
1538 721 1588 764 οὐ
1615 725 1771 779 πικρῶς
1802 723 1991 781 ἤκουσαν.
2040 723 2144 766 Nihil
2179 723 2322 775 horum:
2348 723 2439 765 mihi
2473 725 2584 765 satis-

208 789 312 839 facit3
346 788 587 832 scribendum
613 794 726 846 puto:
755 789 866 842 σῖγ’,
895 788 949 830 ού
978 790 1132 844 πικρῶς
1156 786 1346 844 ἤκουσαν.
1391 785 1468 829 Pro
1496 786 1665 834 ἐκτενεῖς
1697 782 1936 830 Hei-mannus
1965 788 2156 843 ἐκγενεῖς,
2185 804 2202 829 e
2228 803 2353 841 qenere
2380 791 2503 828 eiectos
2529 791 2586 828 vel

208 859 418 906 eiiciendae,
456 870 554 912 quos
590 858 701 897 etiam
739 859 925 908 deqenem
959 855 1020 896 hic
1052 853 1124 895 dici
1157 867 1282 912 posse.
1337 851 1600 896 Schwerdtius
1635 851 1826 908 ἐγγενεῖς,
1860 853 1963 909 quod
1997 854 2108 910 plane
2142 856 2305 896 otiosum
2342 859 2398 896 est
2426 858 2583 911 propter

209 920 493 977 αύτανεῲἰους.
522 922 588 963 An
615 920 688 962 suit
715 919 927 975 ἐκμανεῒςΡ
955 918 1020 960 cfr.
1049 934 1083 958 v.
1113 917 1193 962 712
1221 924 1259 961 et
1285 919 1378 963 727.
1405 933 1449 961 s..

653 986 699 1027 V.
718 985 809 1030 960.
837 999 906 1027 ss.:
933 985 999 1026 καὶ
1026 984 1143 1026 ταῦθ’
1170 984 1239 1040 ἅμ’
1267 983 1539 1041 ἐγγράψασθε
1566 984 1671 1042 πρὸς
1696 983 1993 1041 γεγραμμένοις

933 1049 1129 1092 πολλοῖσιν
1157 1048 1290 1097 ἄλλοις
1315 1050 1647 1107 σωφρονίσμασιν
1674 1050 1839 1108 πατρός,

931 1114 1086 1170 ἀγνῶθ’
1113 1115 1251 1171 ὅμιλον
1278 1115 1346 1161 ὡς
1371 1114 1612 1175 ἐλέγχεσθαι
1634 1115 1793 1175 χρόνῳ.

209 1182 281 1224 Hie
301 1198 334 1223 v.
355 1182 447 1227 962.
468 1183 535 1227 ὡς
555 1196 780 1237 quamquam
801 1180 949 1223 defendi
968 1187 1112 1237 potest,
1140 1186 1264 1223 tamen
1284 1180 1410 1223 malim
1433 1179 1587 1234 ἀγνῶθ’
1610 1181 1747 1237 ὅμιλον
1772 1181 1852 1237 ὄψ’
1876 1180 2114 1240 ἐλέγχεσθαι
2131 1183 2288 1238 χρόνῳ.
2318 1182 2367 1223 V.
2386 1181 2478 1225 960.
2499 1181 2584 1224 libri

208 1248 333 1289 ταῦτα
359 1246 435 1302 μὲν
462 1244 696 1303 γράψεσθες
725 1250 824 1291 recte
853 1245 1013 1289 fortasse
1041 1244 1267 1303 Hartungus
1295 1245 1424 1289 ταῦτα’
1445 1261 1517 1301 μοι
1545 1245 1775 1304 γράψεσθε.

605 1310 649 1354 V.
671 1310 762 1355 967.
792 1326 860 1353 ss.:
890 1312 1031 1368 τέρειν’
1059 1312 1205 1368 ὀπώρα
1234 1309 1275 1353 δ’
1303 1311 1557 1367 εὐφύλακτος
1581 1311 1789 1367 οὐδαμῶς,

884 1376 1040 1436 θῆρες
1067 1376 1114 1419 δὲ
1142 1377 1381 1436 κηραίνουσι
1408 1376 1476 1418 καὶ
1501 1374 1652 1435 βροτοὶ
1681 1377 1832 1436 τιμήν.

886 1445 952 1485 καὶ
979 1444 1166 1485 κνώδαλα
1193 1445 1418 1500 πτεροῦντα
1444 1438 1511 1484 καὶ
1538 1442 1760 1500 πεδοστιβῆ

883 1511 1192 1565 καρπώματα
1220 1510 1414 1557 στάζοντα
1440 1508 1636 1566 κηρύσσει
1663 1507 1829 1564 Κύπρις,

885 1576 1086 1632 κάλωρα
1114 1575 1403 1619 κωλύουσαν
1429 1573 1477 1617 θ’
1504 1574 1572 1622 ὡς
1594 1573 1766 1630 μένειν
1793 1572 1904 1631 ἐρῶ.

205 1643 270 1686 Sic
297 1643 372 1685 sere
400 1643 505 1693 libri,
540 1644 613 1684 nisi
642 1642 746 1698 quod
774 1658 809 1684 v.
832 1642 932 1687 967.
961 1642 1004 1685 Ε.
1035 1642 1081 1685 G.
1110 1643 1144 1683 τὶ
1169 1642 1263 1699 μήν,
1290 1657 1326 1683 v,
1354 1640 1447 1685 971.
1476 1641 1528 1684 Μ.
1557 1642 1637 1683 sine
1664 1646 1818 1683 accentu
1844 1640 2031 1696 καλωρα,
2066 1646 2103 1682 et
2130 1639 2239 1691 θως,
2273 1648 2310 1683 et
2337 1644 2375 1683 in
2403 1647 2585 1684 contextu

202 1709 342 1767 μένην,
371 1724 488 1767 supra
517 1711 657 1765 scripto
687 1724 743 1758 ει,
776 1708 821 1750 Ε.
849 1707 1107 1766 θωσαμενην.
1167 1707 1311 1750 Versus
1338 1706 1438 1757 968,
1465 1707 1547 1752 970
1573 1713 1610 1749 et
1636 1709 1799 1767 maxime
1827 1707 1918 1751 971.
1947 1712 2147 1765 corruptos
2175 1722 2256 1749 esse
2284 1714 2408 1764 patet;
2442 1715 2479 1750 et
2506 1708 2584 1751 duo

208 1781 306 1818 certe
334 1778 425 1817 vitia
452 1777 602 1831 egregie
629 1777 778 1816 sanavit
805 1774 1066 1821 Hermannus,
1096 1790 1130 1813 v.
1159 1773 1251 1817 968.
1281 1773 1446 1815 scribens
1475 1773 1513 1814 τί
1535 1774 1635 1831 μήν;
1668 1786 1751 1814 cum
1780 1781 1888 1814 antea
1917 1773 1954 1813 τί
1976 1787 2045 1828 μιν
2071 1772 2129 1814 viel
2158 1774 2196 1814 τί
2222 1789 2278 1814 νιν
2305 1774 2447 1816 editum
2475 1781 2583 1817 esset.

206 1847 244 1883 et
282 1840 416 1883 deinde
450 1839 717 1895 καρπώμαθ’,
760 1840 787 1881 ἃ
823 1840 1017 1888 στάζοντα
1056 1839 1250 1896 κηρύσσει
1291 1838 1454 1896 Κύπρις.
1523 1837 1578 1881 De
1619 1840 1749 1881 ceteris
1789 1841 1868 1881 eius
1909 1838 2231 1882 emendationibus
2272 1846 2397 1882 tamen
2438 1840 2581 1883 dubito.

214 1910 553 1960 »Impaticntlseimi‚
577 1907 719 1962 inquit,
741 1909 874 1950 litterae
891 1921 914 1946 a
930 1908 1057 1946 scribis
1072 1908 1163 1961 mate
1178 1908 1374 1957 qeminatae
1395 1908 1451 1946 vel
1468 1920 1538 1945 non
1552 1912 1641 1945 recte
1657 1909 1771 1958 positi
1784 1913 1948 1946 accentus
1961 1908 2138 1959 philoloyi
2150 1909 2318 1947 immobili
2335 1910 2431 1947 vultu
2452 1909 2583 1960 adspe-

206 1982 336 2014 xerunt
351 1978 458 2025 seras
487 1975 682 2023 virqinibue
706 1974 920 2023 pudicitiam
947 1975 1144 2023 eripientes.
1175 1974 1320 2023 Scripsi
1344 1969 1495 2028 θήραις
1520 1969 1567 2011 δὲ
1593 1969 1830 2027 κηραίνουσὶ
1856 1985 1912 2010 νιν
1932 1969 2092 2026 βροτοί,
2122 1970 2159 2010 τέ
2175 1971 2277 2028 μήν,·
2306 1974 2413 2012 Elin
2434 1971 2587 2030 θήραις

209 2042 337 2080 incidit
362 2041 466 2079 etiam
496 2040 710 2078 Wieselerus
742 2040 895 2078 Coniect.
926 2041 962 2076 in
990 2039 1159 2088 Aeschyli
1184 2038 1292 2079 Eum.
1314 2052 1355 2090 p.
1384 2036 1477 2080 245.
1525 2038 1642 2085 Quum
1666 2036 1747 2094 μήν
1774 2039 1888 2077 visum
1915 2044 2005 2078 esset
2027 2051 2096 2091 μιν
2123 2052 2211 2086 esse,
2240 2052 2297 2078 νιν
2325 2046 2492 2079 mutatum
2508 2041 2587 2091 fuit

210 2110 247 2146 in
273 2106 351 2147 καί.
400 2103 592 2153 Laedunt,
622 2108 754 2155 inquit,
784 2110 949 2145 teneram
979 2108 1134 2144 aetatem
1163 2103 1419 2159 persequendo
1447 2104 1635 2145 homines:
1666 2101 1757 2158 quid
1783 2101 1903 2144 vero?
1931 2115 2048 2158 quum
2078 2102 2135 2144 vel
2163 2103 2303 2145 bestiae
2332 2103 2452 2146 alatae
2480 2110 2518 2146 et
2544 2106 2585 2146 in

208 2171 292 2213 solo
322 2170 532 2212 incedentes
561 2183 733 2210 venerem
762 2174 953 2225 appetant.
983 2170 1068 2208 Non
1096 2172 1325 2208 dubitandum
1353 2178 1405 2210 est
1430 2173 1517 2221 quin
1545 2184 1669 2209 versus
1697 2171 1868 2209 exciderit
1888 2177 1976 2221 post
2001 2184 2034 2208 υ.
2055 2167 2146 2212 969.
2177 2171 2389 2210 Incredibile
2408 2178 2461 2209 est
2478 2173 2582 2219 enim,

208 2253 318 2290 quum
346 2251 429 2276 aves
458 2245 490 2275 et
516 2237 770 2287 quadrupedes
799 2238 927 2274 bestiae
954 2242 1193 2280 memorentur,
1217 2238 1427 2286 praeteritos
1454 2250 1529 2275 esse
1553 2238 1688 2286 pisces,
1711 2238 1925 2286 praesertim
1953 2250 1977 2273 a
2002 2242 2108 2285 pocta
2131 2237 2346 2274 Atheniensi.
2377 2237 2428 2274 Et
2450 2238 2585 2275 indicat

207 2308 374 2344 lacunam
402 2306 505 2343 etiam
534 2304 792 2341 inconcinnitas
822 2303 1023 2340 dictorum
1077 2299 1236 2354 Scripsit
1264 2301 1396 2355 igitur:

872 2364 1021 2421 θήραις
1048 2364 1093 2405 δὲ
1122 2365 1356 2421 κηραίνουσί
1383 2380 1437 2406 νιν
1464 2365 1626 2422 βροτοί,
1657 2365 1694 2406 τί
1715 2366 1815 2422 μήν;

871 2430 936 2470 καὶ
964 2428 1148 2470 κνώδαλα
1176 2431 1396 2485 πτεροῦντα
1423 2431 1488 2471 καὶ
1515 2430 1736 2489 πεδοστιβῆ

870 2497 936 2536 καὶ
964 2497 1084 2553 νηκτὰ
1113 2498 1272 2541 πάντως
1296 2496 1412 2537 ἐστὶν·
1426 2497 1639 2552 ἁρπάζοντ’
1666 2496 1765 2538 ἰδεῖν

870 2560 1128 2618 καρπώμαθζ
1157 2561 1183 2603 ἃ
1211 2562 1402 2611 στάζοντα
1429 2563 1621 2621 κηρύσσει
1648 2561 1803 2619 Κύπρις·

871 2628 1017 2684 κᾶωρα
1044 2628 1257 2668 κωλύουσά
1283 2627 1323 2667 θ’
1350 2628 1410 2672 ὡς
1432 2627 1566 2682 μένειν
1594 2629 1698 2684 ὅρῳ.

208 2701 332 2738 Etiam
359 2702 486 2738 bestias
515 2708 548 2739 et
568 2703 785 2750 penm'qeras
822 2706 855 2737 et
881 2700 917 2735 in
956 2699 1031 2736 solo
1066 2698 1260 2735 incedentes
1296 2703 1328 2734 et
1359 2704 1517 2736 natantes
1543 2698 1667 2737 videas
1690 2700 1852 2747 fructum
1880 2705 2045 2749 captare..
2081 2712 2183 2748 quem
2211 2705 2433 2748 emerqentem
2465 2698 2582 2737 Venus

209 2768 350 2803 nuntiat
382 2767 484 2804 etiam
522 2768 743 2804 immaturum
788 2771 821 2804 et
852 2776 980 2803 arcens
1016 2769 1055 2801 ut
1087 2768 1254 2801 maneant
1286 2763 1378 2800 intra
1412 2765 1610 2811 terminum,
1655 2764 1689 2801 Ιι.
1731 2777 1760 2802 e.
1804 2777 1846 2802 ne
1881 2777 1996 2802 mares
2032 2766 2135 2802 citius
2171 2777 2279 2814 quarn
2315 2765 2372 2801 lex
2402 2765 2585 2813 permittat

197 2834 326 2882 fructu
357 2832 555 2881 potiantur.
607 2829 747 2870 Arcere
781 2829 853 2870 dici
885 2827 1069 2869 Venerem
1097 2838 1359 2880 congressum,
1395 2828 1482 2879 quia
1517 2830 1626 2886 etiam
1663 2827 1802 2869 bestiae
1836 2828 2012 2876 feminae,
2051 2821 2166 2882 duum
2208 2828 2375 2869 nondum
2410 2833 2581 2870 maturae

209 2897 304 2944 sint,
334 2908 474 2936 marem
505 2893 697 2935 admittere
725 2895 939 2935 detrectent.
1002 2892 1270 2934 constructum
1299 2904 1379 2931 esse
1406 2891 1614 2933 κωλύουσα
1644 2907 1727 2934 cum
1756 2894 1816 2938 ὡς
1842 2899 1885 2934 ut
1913 2892 2016 2949 apud
2043 2892 2309 2949 Thucydidem
2339 2892 2420 2933 VH.
2447 2893 2513 2937 36.
2545 2894 2580 2936 1.

209 2962 279 3018 τὴν
307 2960 583 3017 στενοχωρίαν
610 2960 801 3001 κωλύσειν
830 2960 936 3001 ὥστε
961 2961 1019 3016 μὴ
1050 2957 1264 3014 περιπλεῖν.
1320 2955 1509 2998 Neminem
1539 2959 1724 3000 Graecum
1752 2961 1803 3000 ita
1832 2959 1955 3000 dicere
1982 2961 2151 3014 potuisse
2182 2965 2285 3014 puto.
2343 2958 2448 3006 Quae
2482 2958 2581 3001 Her-

208 3040 368 3067 mannus
388 3024 583 3080 Aeschylo
604 3023 717 3071 dedit,
746 3030 827 3065 cum
851 3023 1090 3080 Thucydidis
1113 3021 1235 3064 verbis
1257 3030 1524 3078 congruerent,
1552 3027 1582 3066 si
1610 3025 1751 3067 dictum
1779 3030 1879 3067 esset
1905 3024 2121 3066 κωλύουσά
2146 3024 2186 3065 θ’
2209 3024 2270 3069 ὡς
2293 3025 2350 3081 μὴ
2380 3023 2582 3078 ἐκβαίνειν

211 3092 326 3147 ὅρου.
384 3091 460 3133 Sed
492 3098 534 3133 ut
571 3092 642 3132 hoc
679 3092 840 3139 mittam,
871 3105 959 3132 sane
995 3104 1108 3147 quam
1143 3088 1304 3130 obscura
1334 3094 1370 3129 et
1397 3095 1568 3132 contorta
1595 3090 1693 3133 foret
1719 3099 1852 3147 poetae
1881 3090 2012 3139 dictim
2050 3096 2086 3131 et
2115 3104 2199 3131 cum
2229 3089 2341 3131 verba
2369 3089 2581 3132 κωλύουσα

213 3156 258 3196 θ’
278 3181 328 3187 —
353 3159 441 3212 ὅρῳ
473 3157 779 3213 praecedentibus
807 3165 1060 3213 opponantur,
1090 3170 1166 3198 non
1194 3154 1405 3195 κωλύουσα
1434 3154 1479 3195 θ’
1507 3156 1577 3197 dici
1606 3162 1771 3213 poterat,
1801 3157 1867 3198 sed
1896 3156 2054 3197 debebat
2080 3170 2159 3196 esst¹
2189 3156 2332 3197 κωλύει
2361 3156 2419 3197 δέ.
2450 3156 2581 3210 Neque
