2720 3459
1307 133 1365 179 ll

143 299 251 335 vero,
295 293 521 339 quamquam
558 280 682 319 minus
710 277 913 335 perfectum
955 282 1034 327 eius
1075 282 1129 322 rei
1168 280 1385 337 exemplum
1421 280 1604 320 habemus
1638 284 1677 321 ln
1710 294 1757 320 eo
1791 283 1953 321 carmine
1987 283 2033 323 de
2061 296 2139 338 quo
2166 296 2268 332 nune
2293 289 2521 339 quaerimus.

143 347 389 407 Respondent
422 344 494 386 sibi
528 346 710 400 primum,
744 344 847 399 quod
883 345 1135 389 Buttmannus
1171 346 1282 397 vidit,
1323 350 1397 387 ΤΕ
1421 360 1454 385 v.
1487 347 1522 388 1.
1550 345 1703 387 ει“ΜΕ
1726 360 1761 387 v.
1789 345 1874 394 21.,
1909 353 1989 388 ιιιιιι
2018 362 2106 390 vero
2134 349 2247 390 etiam
2275 363 2311 390 v.
2335 348 2361 393 9
2389 357 2427 391 et
2453 349 2519 400 29,

142 429 234 473 ergo
276 413 395 456 altera
432 409 613 467 strophae
654 415 693 452 et
732 409 990 466 antistrophae
1029 418 1136 469 parte
1177 410 1333 455 dimidia
1376 412 1575 468 incipiente
1614 409 1744 452 iisdem
1786 425 1965 452 versuum
2007 411 2097 454 loeis
2140 415 2201 455 IO
2210 415 2274 454 Vis
2314 419 2352 455 et
2391 417 2451 457 10
2459 418 2522 465 Ve,

148 480 370 523 TArENTz·
392 481 432 518 et
457 478 737 528 MhENTque,

739 556 774 582 v.
803 540 841 585 9.
876 540 926 583 Et
953 545 1085 585 IOVis
1112 545 1259 586 arcanis
1287 543 1417 587 Minos
1446 541 1655 591 admissus,
1682 541 1974 598 hAbE'NTque,

713 620 749 649 v.
777 605 842 650 29.
871 606 935 648 Ab
963 610 1021 649 ΙΟ
1031 611 1081 650 Ve
1106 608 1359 666 Neptunoque
1386 608 1485 649 sacri
1513 605 1672 648 custode
1698 605 1938 655 TArENTi,

141 674 243 732 quod
270 687 361 715 casu
387 686 470 714 esse
498 671 655 721 sactum,
682 685 762 712 non
788 671 944 712 consilio
971 673 1184 714 institutum
1209 673 1382 729 equidem
1410 672 1503 714 mihi
1530 686 1610 714 non
1636 685 1795 728 possum
1822 672 2063 728 persuadere.
2104 672 2155 715 Ut
2176 676 2284 716 etiam
2311 679 2386 718 TE
2404 691 2441 719 v.
2467 678 2519 720 14

141 748 179 783 et
203 741 272 788 34,
301 753 385 780 cum
412 752 491 779 non
518 736 676 778 eundem
705 736 830 777 locum
858 739 897 777 in
926 737 1095 779 versibus
1123 738 1191 779 sibi
1219 737 1536 795 respondentibus
1565 737 1639 778 hoc
1666 751 1878 793 pronomen
1906 737 2062 785 habeat,
2090 744 2128 780 et
2153 753 2189 780 v.
2224 740 2281 783 16.
2310 744 2517 792 SEMEL,

141 821 174 847 v.
195 805 257 850 36.
278 807 402 853 TER,
429 802 638 845 numeralia
665 801 863 851 adverbia,
891 817 987 861 quae
1014 803 1168 845 eandem
1196 802 1272 845 fere
1299 803 1426 845 sedem
1453 807 1600 852 tenent,
1629 802 1760 844 eodem
1788 801 2014 851 reserantur,
2042 803 2215 859 equidem
2242 805 2356 848 nolim
2384 816 2519 850 auctor

140 885 238 919 esse,
266 875 363 911 certe
392 870 430 910 in
457 868 573 910 dubio
600 867 785 923 relinquo.
841 867 1059 923 imperfecta
1084 876 1207 911 umen
1233 869 1300 911 inat
1322 872 1419 911 ratio
1447 875 1506 911 est
1533 884 1592 919 eo,
1622 869 1728 925 quod
1755 883 1877 924 neque
1906 871 2025 910 incisa
2053 871 2250 925 utriusque
2278 874 2443 926 partiss
2424 882 2516 914 sunt

140 937 288 984 eadem,
316 949 435 991 neque
463 935 726 990 interpunctio.
771 932 850 975 Sed
876 947 938 976 ess
939 948 960 975 e
988 933 1086 976 illam
1114 937 1394 992 responsionem
1422 934 1668 978 confirmatur
1694 950 1759 985 eo,
1795 933 1900 991 quod
1929 935 2134 977 sententiae
2163 938 2360 992 utriusque
2385 940 2516 994 partis,

140 1012 183 1045 ut
209 1003 306 1044 infra
333 1001 507 1057 pluribus
534 1000 821 1050 demonstrabo,
849 1002 1052 1042 maximam
1080 1007 1222 1057 partem
1246 1001 1316 1043 sibi
1343 1000 1585 1058 respondent.

315 1066 429 1116 Quod
456 1067 489 1108 si
517 1067 570 1108 ita
596 1080 637 1108 se
663 1065 796 1116 habet,
824 1067 1034 1107 necessario
1055 1068 1223 1123 sequitur
1243 1072 1285 1108 ut
1302 1067 1473 1108 versibus
1497 1067 1674 1117 17—20,
1703 1080 1800 1122 quae
1821 1066 2136 1122 antistrophicam
2159 1069 2342 1109 rationem
2362 1069 2518 1111 turbant

140 1149 184 1176 ac
211 1134 366 1182 tollunt,
395 1147 480 1175 eum
509 1133 555 1174 de
584 1132 740 1174 mesodo
769 1146 817 1174 ne
847 1134 1004 1188 cogitari
1034 1133 1183 1188 quidem
1208 1136 1347 1189 possit,
1386 1134 1493 1175 locus
1521 1135 1559 1174 in
1587 1133 1662 1175 hoc
1688 1135 1851 1175 carmine
1879 1132 2118 1188 relinquatur
2143 1132 2290 1183 nullus,
2317 1148 2442 1189 neque
2469 1134 2517 1176 ab

139 1201 299 1241 Horatio
334 1199 396 1240 hic
430 1201 543 1254 positi
578 1213 661 1240 esse
694 1200 822 1253 putari
858 1200 1016 1253 possint.
1071 1198 1226 1240 Accedit
1253 1199 1355 1254 quod
1381 1201 1494 1241 etiam
1523 1201 1639 1239 misso
1667 1198 1741 1239 hoc
1768 1205 1993 1253 argumento
2022 1198 2166 1240 alienos
2193 1213 2260 1240 eos
2287 1213 2371 1241 esse
2400 1200 2518 1242 multa

138 1265 320 1322 probant,
355 1270 393 1306 et
418 1266 542 1321 primo
570 1262 721 1320 quidem
757 1264 788 1304 si
818 1265 1042 1305 sententiam
1069 1269 1290 1320 spectamus.
1346 1265 1442 1306 Nam
1469 1269 1675 1320 postquam
1702 1262 1788 1305 inde
1817 1277 1839 1304 a
1868 1278 1902 1303 v.
1933 1264 1970 1305 7.
1999 1263 2186 1319 exemplis
2213 1263 2515 1307 demonstratum

138 1339 196 1372 est
221 1330 397 1372 omnibus
425 1329 660 1370 moriendum
688 1343 790 1378 esse,
817 1328 943 1383 verbis
969 1333 1037 1370 aed
1062 1344 1179 1370 omnes
1202 1345 1276 1370 una
1302 1338 1419 1370 manet
1444 1345 1519 1371 noa·
1544 1339 1578 1371 et
1602 1332 1781 1370 calcanda
1808 1333 1914 1369 semel
1937 1333 1999 1369 via
2024 1333 2096 1378 leti,
2124 1329 2236 1385 plane
2260 1330 2437 1372 absoluta
2458 1340 2519 1372 est

139 1398 278 1445 oratio,
307 1401 351 1436 ιιι
376 1394 470 1436 nihil
498 1394 660 1450 amplius
688 1390 933 1437 desideretur.
964 1394 1034 1436 Sin
1061 1409 1150 1436 vero
1177 1394 1382 1436 docendum
1412 1400 1511 1443 erat,
1539 1393 1633 1436 alios
1661 1392 1735 1436 alia
1762 1398 1883 1434 morte
1911 1395 2054 1449 perire,
2082 1409 2151 1436 cur
2179 1393 2318 1437 bellum
2344 1400 2384 1437 et
2410 1410 2516 1438 mare

138 1463 376 1517 potissimum
401 1459 640 1502 afferuntur?
665 1458 801 1501 Nonne
830 1459 949 1500 multo
976 1458 1104 1515 plures
1131 1473 1248 1515 neque
1275 1459 1347 1500 hoc
1373 1473 1495 1514 neque
1521 1459 1586 1499 illo
1615 1458 1858 1499 moriuntur?
1885 1459 1942 1499 At
1966 1461 2083 1500 maris
2111 1468 2268 1516 propter
2295 1461 2514 1516 Archytam

138 1526 180 1568 fit
214 1528 364 1568 mentio.
420 1524 569 1567 Audict
597 1532 637 1566 at
664 1524 755 1580 quid
784 1524 920 1566 bellum
949 1524 1021 1566 sibi
1046 1524 1144 1574 vult,
1178 1539 1260 1566 cum
1286 1539 1406 1580 neque
1433 1523 1641 1572 Tantalus,
1673 1537 1795 1579 neque
1823 1523 2038 1573 Tithonus,
2064 1538 2185 1580 neque
2213 1525 2363 1575 Minos,
2390 1540 2514 1582 neque

139 1592 384 1651 Pythagoras
411 1593 452 1634 in
484 1590 582 1633 bello
617 1590 796 1649 perierit?
849 1590 929 1633 Nec
963 1590 1093 1634 melior
1127 1593 1221 1633 ratio
1255 1596 1312 1632 est
1343 1589 1563 1632 verborum:
1596 1593 1708 1630 mixta
1734 1604 1859 1630 aenum
1886 1604 1930 1629 ac
1958 1593 2121 1630 iuvenum
2154 1594 2347 1632 densentur
2361 1598 2512 1645 fimo-u,

138 1674 233 1715 quae
260 1661 477 1708 memoriam
504 1664 683 1700 revocant
707 1658 993 1700 Homericorum
1021 1658 1168 1699 illorum
1188 1658 1229 1700 ll.
1247 1673 1285 1708 α,
1311 1657 1409 1701 383:
1438 1657 1477 1697 oz
1505 1655 1553 1697 δέ
1582 1672 1626 1697 νυ
1653 1656 1745 1697 λαοὶ
1773 1654 1951 1707 θνῆσκον
1979 1655 2269 1714 ἐπασσύτεροι,
2296 1664 2335 1699 ει
2349 1658 2516 1715 'Sopho—

138 1726 203 1767 clis
232 1725 324 1768 Oed.
354 1725 451 1781 Reg.
476 1740 512 1766 v.
545 1725 640 1768 175:
665 1721 787 1766 ἄλλον
815 1721 852 1765 δ’
858 1723 908 1765 ἂν
935 1722 1043 1780 ἄλλῳ
1072 1722 1276 1781 upon-{doec
1292 1748 1347 1754 —
1370 1720 1545 1778 ὄρμενον
1572 1721 1697 1764 ἀκτὰν
1724 1722 1832 1778 πρὸς
1857 1721 2036 1779 ἑσπέρου
2065 1721 2183 1774 θεοῦ,
2212 1729 2256 1766 ιιι
2282 1723 2330 1767 de
2357 1724 2420 1767 lue
2447 1731 2515 1767 aut

138 1791 248 1834 simili
289 1790 499 1833 calamitate
540 1791 761 1846 cogitemus.
827 1789 906 1831 Sed
941 1795 985 1832 ut
1018 1789 1081 1831 illa
1115 1804 1190 1831 non
1222 1791 1296 1830 sint
1330 1787 1614 1844 ὑπερβολικῶς
1645 1787 1764 1838 dicta,
1793 1794 1892 1830 certe
1926 1788 2020 1830 nihil
2053 1802 2176 1845 neque
2212 1790 2262 1831 ad
2298 1790 2514 1847 Archytam

138 1869 258 1912 neque
299 1855 349 1897 ad
389 1870 553 1897 causam.
609 1856 740 1897 Aurea
767 1861 892 1896 tamen
927 1869 1024 1911 quae
1052 1854 1174 1896 adhuc
1198 1860 1242 1895 ut
1268 1853 1388 1894 aliena
1419 1854 1646 1909 reprehendi
1679 1861 1771 1895 sunt
1796 1868 1888 1909 prae
1916 1856 1962 1894 iis
1991 1869 2088 1909 quae
2116 1861 2349 1910 sequuntur:
2376 1861 2513 1896 nullum

137 1937 245 1971 saeva
271 1931 381 1975 caput
406 1926 633 1975 Proserpina
657 1927 777 1974 suqit,
814 1926 855 1962 in
883 1922 1020 1977 quibus
1057 1921 1148 1962 nihil
1183 1924 1277 1961 inest
1310 1918 1414 1974 quod
1445 1934 1524 1960 non
1557 1918 1673 1960 modo
1707 1934 1743 1960 v.
1775 1921 1836 1962 15.
1870 1918 1990 1961 multo
2027 1919 2234 1975 simplicius
2267 1920 2409 1963 dictum
2446 1923 2515 1964 sit:

138 2003 255 2030 omnes
282 2004 358 2029 una
383 1996 501 2029 manet
525 2003 606 2030 nox.
634 1987 773 2043 Ecquis
799 1989 917 2045 igitur
943 1989 1089 2030 inanem
1115 1988 1221 2029 istam
1248 1986 1506 2042 repetitionem
1536 1984 1779 2041 probaverit?
1806 1984 1939 2041 ltaque
1966 1991 2011 2026 ut
2037 1984 2078 2026 hi
2106 1991 2289 2042 quattuor
2315 2001 2450 2028 versus
2478 1989 2511 2028 si

139 2068 204 2110 per
226 2069 266 2097 se
290 2054 362 2097 soli
380 2059 583 2111 ponantur,
611 2053 772 2096 fortasse
799 2068 877 2096 ιιοιι
899 2060 989 2095 sunt
1014 2051 1304 2109 reprehendendi
1334 2057 1444 2107 atque
1473 2052 1512 2091 in
1541 2056 1668 2107 aptam
1696 2053 1918 2092 sententiam
1938 2058 2096 2099 exeunt,
2125 2054 2179 2092 sic
2200 2052 2513 2108 praecedentibus

138 2120 308 2162 versibus
350 2122 439 2162 nexi
482 2121 703 2175 ineptissimi
744 2127 844 2160 sunt.
900 2119 1029 2174 Neque
1056 2132 1143 2159 vero
1177 2117 1236 2158 his
1268 2116 1358 2157 solis
1394 2116 1571 2158 laborant
1604 2119 1727 2166 vitiis;
1767 2131 1853 2158 nam
1896 2131 1944 2158 ne
1986 2117 2092 2158 color
2133 2117 2284 2172 quidem
2325 2119 2510 2160 orationis

138 2191 204 2226 aut
231 2186 276 2227 iis
304 2199 399 2242 quae
426 2184 658 2242 praecedunt
685 2190 752 2227 aut
778 2186 823 2227 iis
852 2194 948 2242 quae
976 2189 1182 2241 sequuntur
1208 2183 1390 2225 convenit.
1437 2181 1535 2225 Nam
1565 2197 1649 2225 cum
1677 2185 1788 2225 ceteri
1817 2184 1992 2224 carminis
2019 2184 2143 2224 oratio
2172 2182 2411 2240 simplicitate
2438 2197 2510 2226 ex-

138 2251 245 2292 cellat
271 2253 442 2308 egregia,
471 2251 651 2293 tumidior
679 2257 738 2292 est
764 2257 947 2307 quattuor
973 2251 1119 2292 illorum
1145 2263 1320 2290 versuum
1348 2247 1483 2297 dictio,
1511 2251 1674 2290 maxime
1703 2250 1844 2304 primae
1872 2250 2098 2289 sententiae:
2127 2252 2218 2289 dant
2244 2253 2339 2290 alios
2368 2252 2507 2291 Rm'ae

137 2324 233 2357 torvo
260 2321 463 2369 spectacula
491 2320 626 2368 Marti,
663 2322 701 2359 ει
728 2316 896 2359 ultimae:
932 2321 1064 2358 nauum
1090 2331 1196 2357 saeva
1221 2322 1332 2368 caput
1357 2317 1583 2366 Proserpina
1598 2318 1709 2366 fizqit.
1760 2314 1957 2355 Praeterea
1985 2327 2069 2355 cum
2099 2315 2137 2355 in
2166 2314 2328 2356 sedecim
2354 2328 2509 2370 praece·

137 2381 311 2424 dentibus
340 2382 510 2424 versibus
539 2385 661 2424 oratio
691 2385 870 2424 continuo
898 2398 941 2425 ac
967 2388 1147 2439 perpetuo
1174 2380 1326 2422 flumine
1351 2379 1535 2435 procedat
1561 2381 1761 2434 omniaque
1788 2381 1975 2420 artissime
2002 2381 2132 2421 iuncta
2151 2394 2195 2422 ac
2220 2394 2323 2422 nexa
2345 2382 2441 2429 sint,
2468 2382 2508 2423 in

138 2447 196 2489 his
225 2456 407 2504 quattuor
432 2449 623 2494 versibus.
667 2451 733 2504 qui
760 2451 968 2490 orationem
997 2448 1096 2489 illam
1124 2447 1339 2489 continuare
1366 2444 1459 2486 velle
1488 2443 1707 2493 videantur,
1748 2443 1875 2485 subito
1905 2446 1942 2485 in
1971 2444 2158 2500 asyndeta
2185 2445 2394 2501 brevesque
2423 2461 2509 2487 sen-

136 2517 271 2555 tentias
298 2516 536 2556 incurrimus.
591 2515 642 2557 Et
670 2530 896 2570 quamquam
932 2517 1042 2556 etiam
1077 2513 1161 2554 inde
1193 2527 1216 2553 a
1243 2528 1276 2552 v.
1305 2511 1370 2554 21.
1400 2510 1588 2567 asyndeta,
1615 2510 1815 2560 habemus,
1856 2517 1982 2552 tamen
2017 2510 2131 2568 longe
2166 2511 2240 2554 alia
2276 2511 2415 2555 horum
2450 2523 2509 2556 est

136 2581 245 2629 ratio,
273 2580 319 2623 de
346 2595 421 2637 qua
448 2580 546 2623 infra
573 2580 747 2638 pluribus
774 2580 1041 2637 disputabitur.

313 2646 500 2694 Quoniam
529 2648 646 2703 igitur
671 2661 741 2688 nec
762 2646 974 2703 Archytam
1002 2660 1083 2688 esse
1110 2646 1216 2686 cuius
1242 2642 1374 2684 umbra
1403 2641 1636 2698 sepulturam
1664 2648 1749 2684 oret
1775 2642 2075 2685 demonstratum
2105 2649 2182 2693 est,
2209 2658 2280 2687 nec
2297 2646 2411 2686 unius
2429 2659 2510 2687 esse

137 2726 318 2767 personae
361 2718 482 2755 totum
522 2727 690 2763 carmen,
731 2711 799 2769 sed
833 2711 1012 2762 duarum,
1055 2724 1213 2768 quarum
1246 2709 1368 2751 oratio
1396 2707 1670 2764 antistrophica
1702 2709 1753 2751 sit
1787 2723 1907 2764 eoque
1935 2708 2133 2765 aequalem
2160 2724 2245 2753 esse
2272 2724 2422 2754 necesse
2450 2712 2511 2760 sit,

140 2784 214 2825 iam
242 2777 449 2822 docendum
478 2778 571 2822 mihi
597 2784 656 2822 est
681 2792 866 2835 quaenam
888 2792 1069 2836 personae
1089 2776 1359 2833 colloquantur.
1388 2773 1515 2831 Atque
1543 2773 1590 2816 de
1618 2773 1689 2816 hac
1717 2789 1759 2816 re
1785 2773 1884 2816 idem
1912 2775 2018 2833 quod
2045 2790 2119 2833 ego
2147 2777 2266 2818 sensit
2292 2778 2350 2818 vir
2376 2775 2511 2819 doctus

141 2843 311 2897 quidam,
338 2845 480 2887 Baiteri
505 2847 664 2895 amicus,
690 2851 735 2886 ut
760 2855 882 2901 nuper
909 2861 958 2886 ex
987 2847 1127 2886 minore
1154 2842 1313 2884 editione
1341 2839 1530 2882 Orelliana
1559 2855 1655 2896 quae
1684 2856 1716 2882 a.
1748 2838 1846 2885 '185¹
1881 2842 2026 2899 prodiit
2051 2843 2229 2885 intellexi.

314 2909 440 2953 Nauta
467 2909 640 2967 quidam,
668 2912 691 2952 i.
720 2926 753 2952 e.
781 2917 967 2953 mereator
993 2925 1061 2952 sua
1088 2923 1182 2951 nave
1211 2906 1365 2955 vehens,
1392 2919 1527 2961 eoque,
1554 2921 1651 2962 quae
1671 2912 1753 2949 erat
1773 2908 1962 2951 eiusmodi
1980 2909 2177 2952 hominum
2205 2908 2387 2959 condicio,
2415 2910 2508 2950 satis

140 2972 309 3015 eruditus
337 2982 375 3017 et
401 2976 604 3025 litteratus,
632 2976 864 3018 Tarentinus
893 2979 994 3031 (nam
1023 2976 1094 3017 hoc
1121 2974 1229 3016 docet
1255 2972 1313 3013 vel
1339 2986 1374 3012 v.
1403 2970 1474 3021 29,
1501 2971 1562 3012 vel
1589 2971 1787 3028 Archytae
1815 2976 2013 3031 cognitio),
2039 2974 2169 3032 paullo
2196 2980 2286 3031 post
2311 2974 2510 3015 vehemen-

140 3043 214 3079 tem
241 3041 442 3093 procellam
470 3045 546 3094 (vv.
569 3043 634 3085 21.
661 3042 745 3096 22.)
777 3042 942 3098 Apuliae
973 3056 1078 3084 oram
1109 3039 1240 3096 legens
1275 3036 1438 3093 litusque
1465 3037 1653 3080 Matinum
1690 3040 1983 3096 praetervehens
2011 3040 2207 3098 Archytae
2235 3040 2324 3082 olim
2351 3054 2397 3081 eo
2425 3039 2510 3082 loco

140 3096 339 3160 naufragio
367 3107 470 3150 eiecti
498 3105 712 3165 sepulcrum
740 3108 979 3166 conspicatus
1006 3105 1108 3148 illum
1136 3103 1340 3160 alloquitur
1367 3103 1691 3147 vv.1-16.1n
1719 3106 1804 3161 ipso
1832 3110 1976 3148 autem·
1986 3107 2095 3149 litore
2116 3106 2296 3162 naufragi
2324 3094 2387 3147 illa
2414 3113 2507 3147 tem-
