2720 3459
1329 150 1402 196 37·

700 296 746 336 V.
773 296 884 341 526.:
913 296 996 353 ἐγὼ
1025 297 1079 339 δὲ
1104 299 1270 355 μάτηρ
1296 297 1391 352 μὲν
1418 297 1500 339 οἷα
1529 299 1691 354 φράζω.

170 361 436 403 conclamatus
466 362 527 403 hic
555 376 686 403 versus
716 360 875 404 fortasse
896 362 1125 406 scribendus
1152 369 1229 405 est:

883 464 894 478 ,
914 429 997 482 ἐγὼ
1025 429 1067 470 δ’
1096 431 1219 472 α’νᾶν
1247 429 1449 485 τέρματ’
1476 428 1560 470 οἶα
1589 430 1752 485 φράζω,

169 479 269 520 ἀνᾶν
297 482 320 520 i.
350 495 385 534 q.
415 481 618 536 πράξεων,
644 484 804 538 μαχῶν.
1369 484 1372 487 ’

699 569 746 611 V.
773 570 883 632 554:
1170 569 1198 631 ᾗ
1227 572 1271 615 δ’
1299 571 1385 630 ἔχω

914 637 1098 695 λυτήριον
1124 638 1338 696 λύπημα,
1368 638 1461 697 τῇδ’
1491 638 1584 693 ὑμῖν
1613 639 1777 695 φράσω.

168 702 346 743 Fortasse
375 701 613 742 scribendum
639 701 829 758 λυτήριον
854 701 1011 759 λύπης·
1036 717 1087 745 τι.

699 791 744 833 V.
771 791 865 835 856.
895 806 965 832 ss.:
994 793 1044 833 ἷὼ
1070 794 1229 835 κελαινὰ
1255 774 1654 852 λόγχα.προμάχου
1685 792 1824 848 δορός,

986 857 1013 898 ἃ
1043 859 1154 900 τότε
1182 857 1309 901 θοὰν
1337 859 1500 914 νύμφαν

987 922 1140 978 ἄγαγες
1164 926 1237 966 ἀπ’
1265 925 1445 970 αἰπεινᾶς

987 988 1100 1031 τάνδ’
1132 989 1318 1048 Οἶχαλίας
1343 990 1486 1046 αἰχμᾷ.

166 1054 281 1094 Primi
308 1054 386 1094 duo
414 1067 547 1095 versus
576 1056 630 1094 sic
658 1054 748 1094 mihi
778 1055 924 1111 legendi
953 1055 1145 1096 videntur:

959 1121 1010 1162 ἰὼ
1036 1121 1194 1163 κελαινὰ
1221 1121 1278 1163 λα
1282 1122 1349 1178 χά
1377 1122 1594 1179 προμάχου
1623 1121 1763 1177 δορός,

957 1187 1032 1228 ἆτ’
1060 1186 1299 1243 ὀλεθρίαν
1328 1187 1489 1243 νύμφαν
1518 1210 1580 1225 -.

165 1252 240 1293 Csr.
278 1253 367 1294 Eur.
403 1254 590 1294 Androm.
629 1254 691 1296 14.
738 1253 1006 1307 Νεοπτολέμῳ
1039 1252 1172 1309 δορὸς
1202 1252 1328 1308 γέρας
1357 1251 1539 1294 δοθεῖσα.
1596 1253 1639 1292 ln
1675 1252 1870 1308 strophico
1906 1268 2020 1293 versu
2053 1253 2149 1297 845.
2187 1254 2284 1294 idem
2320 1256 2411 1295 mihi
2445 1257 2551 1310 quod

164 1316 367 1360 Wund'ero
395 1318 633 1360 scribendum
660 1321 783 1360 visum
812 1324 886 1360 est:
923 1319 1092 1374 γνώμας
1121 1318 1282 1374 μολόντ*
1310 1317 1391 1358 ου’λ
1401 1318 1524 1359 ίαισι
1559 1318 1893 1371 συναλλαγαῖς
1925 1333 1996 1382 pro
2032 1318 2245 1377 ὀλεθρίαις
2271 1320 2547 1376 ξυναλλαγαῖς.

164 1385 211 1425 V.
239 1384 333 1429 846.
363 1385 555 1440 quomodo
584 1385 840 1427 emendandus
869 1388 935 1434 sit,
964 1386 1133 1427 nondum
1161 1385 1251 1427 mihi
1279 1391 1434 1427 constat.

536 1473 584 1514 V.
618 1473 733 1516 1018.
762 1488 831 1514 ss.:
861 1472 897 1513 ὦ
925 1476 1001 1513 παῖ
1024 1472 1140 1514 τοῦδ’
1167 1471 1330 1528 ἀνδρός,
1360 1472 1531 1528 τοῦργον
1560 1473 1654 1514 τάδε
1679 1474 1821 1527 μεῖζον
1849 1474 1984 1529 ἀνήκει

858 1537 885 1595 ἢ
913 1539 1002 1580 κατ’
1031 1537 1134 1593 ἐμὰν
1156 1538 1320 1595 ῥώμαν·
1350 1539 1399 1580 σὺ
1428 1538 1476 1581 δὲ
1504 1538 1693 1593 σύλλαβε.
1722 1539 1790 1580 σοί
1817 1554 1860 1581 τε
1887 1540 1968 1595 γὰρ
2000 1540 2134 1594 ὄμμα

858 1602 1130 1662 ἔμπλεονῆ
1160 1602 1216 1645 δι’
1243 1603 1343 1660 ἐμοῦ
1371 1603 1529 1660 σῴζειν.
1610 1609 1613 1611 ’

162 1680 352 1736 Corrupta
380 1681 495 1721 verba
523 1680 636 1735 ὄμμα
664 1679 837 1735 ἔμπλεον
865 1683 919 1721 sic
944 1680 1179 1722 emendanda
1205 1694 1353 1721 censeo:
1393 1681 1461 1720 σοί
1493 1695 1535 1720 τε
1573 1681 1653 1735 γὰρ
1689 1682 1749 1720 ἀι
1755 1682 1820 1734 μὰ
1857 1682 1910 1726 ἐς
1936 1683 2081 1722 πλέον
2117 1683 2142 1739 ἢ
2172 1683 2226 1723 δι’
2255 1683 2359 1737 ἐμοῦ
2387 1686 2545 1740 σῴζειν.

157 1743 223 1791 Ἐς
248 1745 366 1787 πλέον
393 1749 447 1787 sic
473 1751 532 1787 cst
559 1745 653 1788 Oed.
682 1746 729 1788 R.
759 1745 852 1789 700.
880 1745 986 1794 918.,
1014 1747 1076 1793 εἷς
1101 1746 1278 1788 πλεῖστον
1307 1745 1400 1787 Oed.
1425 1745 1510 1786 col.
1538 1745 1649 1789 739..
1673 1743 1795 1800 Ἀκμά
1819 1748 1965 1802 vigor.
1997 1747 2072 1788 Pro
2101 1748 2168 1789 σοί
2193 1763 2242 1789 τε
2270 1750 2383 1804 γψ,
2413 1753 2446 1791 si
2473 1751 2546 1793 hae

159 1811 365 1866 particulae
381 1814 434 1853 sic
445 1813 596 1853 iunctae
613 1811 716 1868 apud
729 1812 959 1868 Sophoclem
977 1813 1015 1853 in
1029 1810 1186 1854 dubium
1202 1817 1397 1860 vocentur,
1421 1811 1494 1867 legi
1514 1816 1640 1867 potest
1660 1811 1728 1851 σοί
1749 1825 1789 1851 τι
1809 1812 1963 1866 γάρ,,τὶ
1985 1817 2027 1853 ut
2047 1827 2132 1853 eum
2151 1812 2197 1858 ἐς
2215 1812 2333 1854 πλέον
2351 1816 2546 1871 iungatur.

337 1898 576 1942 PHHDCT.
608 1900 678 1941 vv.
711 1900 801 1944 135.
831 1907 869 1941 et
900 1901 988 1944 150.
1021 1901 1111 1942 mihi
1139 1916 1284 1959 semper
1312 1903 1364 1941 sic
1392 1899 1592 1956 legendum
1619 1915 1701 1940 esse
1731 1902 1851 1940 visum
1880 1908 1954 1940 est:

864 1977 902 2018 τί
919 1978 1022 2036 χρῂ,
1052 1978 1089 2019 τί
1109 1978 1211 2036 χρη,
1239 1975 1415 2025 δέσποτ’,
1445 1975 1489 2017 ἐν
1517 1975 1613 2033 ξένᾳ
1642 1976 1768 2026 ξένον,

860 2043 985 2100 μέλον
1012 2044 1133 2085 πάλαι
1157 2058 1228 2100 μοι
1255 2042 1394 2098 λέγεις,
1421 2041 1538 2092 ἄναξ,
1569 2043 1612 2084 τὸ
1642 2043 1724 2084 σόν.

158 2121 261 2162 Libri
290 2136 324 2161 v.
357 2121 444 2164 135.
475 2121 654 2161 δέσποτά
676 2123 740 2175 μ’,
771 2137 803 2161 v.
838 2121 925 2163 150.
951 2121 1076 2176 μέλον
1103 2122 1222 2162 πάλαι
1247 2121 1409 2178 μέλημά
1429 2136 1522 2175 μοι,
1552 2123 1623 2171 nisi
1652 2122 1754 2176 quod
1785 2122 1828 2162 Γ.
1859 2137 1892 2162 v.
1926 2122 2013 2165 135.
2041 2123 2155 2163 semel
2186 2125 2222 2163 τί
2248 2126 2349 2181 χρὴ,
2389 2139 2423 2165 ν.
2456 2125 2547 2168 150.

153 2186 277 2241 μέλον
305 2191 388 2243 (γρ.
414 2187 576 2241 μέλλον)
605 2212 659 2218 -
684 2187 847 2244 μέλημα
872 2187 1014 2240 λέγεις.
1074 2188 1170 2229 Cum
1205 2187 1383 2229 Triclinio
1417 2187 1579 2229 editores
1613 2190 1804 2229 trimetros
1838 2188 2042 2229 dederunt:
2081 2189 2118 2229 τί
2144 2191 2253 2246 χρὴ,
2291 2191 2327 2230 τί
2357 2193 2445 2247 χρὴ
2478 2208 2546 2245 με,

156 2251 337 2303 δέσποτ’,
366 2252 410 2294 ἐν
439 2252 535 2311 ξένᾳ
563 2253 690 2302 ξένον,
725 2259 763 2296 et
786 2252 910 2309 μέλον
937 2253 1057 2296 πάλαι
1082 2253 1249 2312 μέλημά
1270 2268 1340 2309 μοι
1366 2252 1512 2307 λέγεις,
1549 2252 1670 2303 ἄναξ,
1709 2255 1921 2295 omittentes
1952 2253 1996 2295 τό
2025 2254 2112 2302 σόν,
2147 2253 2391 2297 Hermann-»s
2427 2256 2547 2299 πάλαι

152 2321 317 2376 μέλημά
340 2335 411 2374 μοι
437 2319 579 2372 λέγεις,
604 2319 722 2368 ἄναξ,
752 2321 796 2360 τὸ
826 2321 914 2367 σόν,
942 2323 1119 2361 omittens
1145 2320 1280 2374 μέλον.
1308 2321 1365 2360 Ac
1392 2333 1460 2374 per
1486 2333 1527 2359 sc.
1554 2319 1707 2372 quidem
1738 2321 1897 2359 trimetri
1927 2320 2000 2360 hoc
2026 2334 2179 2361 carmen
2209 2323 2427 2376 incipientes
2456 2329 2547 2363 sunt

155 2388 357 2443 aptissimi,
387 2401 485 2442 quos
506 2392 631 2429 tamen
651 2393 695 2428 ut
716 2385 825 2428 daret
842 2385 1031 2428 videntius
1051 2388 1131 2443 egit
1148 2385 1361 2430 Triclinius.
1389 2384 1438 2427 Et
1459 2399 1492 2426 v.
1518 2384 1606 2430 135.
1630 2392 1668 2426 et
1692 2384 1796 2427 facile
1819 2400 1991 2427 caremus
2012 2389 2237 2441 pronomine
2257 2388 2326 2441 με’,
2355 2402 2477 2442 neque
2504 2388 2545 2431 id

154 2452 331 2494 habuisse
359 2452 508 2494 videtur
536 2454 568 2493 is
596 2452 799 2494 scholiasta
827 2453 893 2508 qui
920 2451 1103 2509 explicat:
1139 2452 1246 2509 πρὸς
1273 2452 1340 2492 τὸν
1367 2450 1639 2507 ὑφορώμενον
1672 2452 1783 2509 ἡμᾶς
1817 2450 1951 2508 ἄνδρα
1988 2452 2026 2492 τί
2060 2451 2129 2493 δεῖ
2158 2453 2287 2507 λέγειν
2315 2452 2339 2510 ἢ
2369 2456 2545 2502 σιωπᾶνς

156 2519 202 2561 V.
237 2519 324 2563 150.
363 2525 487 2561 autem
524 2520 569 2560 τὸ
605 2519 676 2561 σόν
709 2520 859 2561 minime
895 2520 1061 2561 otiosum
1098 2518 1308 2576 putandum
1342 2524 1414 2566 est,
1458 2531 1501 2559 ac
1533 2523 1633 2559 certe
1670 2517 1888 2559 habuerunt
1923 2518 2168 2563 scholiastae.
2214 2533 2376 2574 quorum
2417 2522 2544 2575 prior:

152 2587 325 2640 πρᾶγμά
345 2600 416 2640 μοι
443 2584 575 2638 λέγεις
601 2584 646 2625 ἐκ
675 2584 820 2625 πολλοῦ
845 2599 916 2638 μοι
942 2585 1192 2643 μεμεληκός,
1228 2584 1272 2625 τὸ
1309 2585 1508 2639 φρουρεῖν
1545 2584 1597 2623 τὸ
1633 2584 1723 2624 σὺν
1758 2583 1872 2638 ι’ἶμμα
1908 2585 1975 2624 καὶ
2003 2585 2074 2640 τὴν
2101 2584 2182 2624 άπὸ
2210 2586 2286 2634 σοῦ
2317 2584 2540 2640 εὐκαιρίαν,

152 2651 264 2692 altert
301 2651 355 2691 τὰ
389 2651 448 2691 σὰ
485 2650 662 2706 νεύματα
700 2650 924 2706 φυλάττειν.
980 2650 1170 2693 Facillime
1205 2654 1335 2691 eontra
1369 2648 1499 2689 abesse
1534 2654 1662 2704 potest
1701 2649 1887 2706 μέλημα,
1928 2664 2050 2704 neque
2093 2649 2128 2689 id
2173 2649 2352 2690 habuisse
2394 2650 2545 2693 videtur

152 2716 268 2759 schol.
296 2715 491 2776 explicans
519 2716 720 2774 πρᾶγμά
741 2731 875 2772 μοι-
888 2715 1134 2775 μεμεληκόςς
1162 2722 1261 2760 certe
1285 2714 1445 2773 μέλημα
1473 2729 1550 2757 non
1577 2722 1679 2758 reete
1707 2730 1777 2772 per
1804 2718 1975 2772 πρᾶγμα
2002 2714 2227 2772 explicatur,
2255 2723 2342 2772 apte
2371 2718 2563 2773 πρᾶγμα

151 2782 200 2823 ad
226 2782 350 2837 μέλον
374 2797 446 2837 μοι
473 2782 705 2840 intelligitur.
742 2781 908 2823 Metrum
938 2788 1063 2824 autem
1092 2796 1223 2825 eorum
1254 2795 1349 2837 quos
1377 2779 1462 2822 (ledi
1492 2794 1671 2823 versuum
1701 2788 1760 2822 est
1787 2783 2085 2823 usitatissimum.

332 2869 377 2911 V.
409 2870 498 2913 ¹74.
528 2885 559 2911 s.
588 2870 688 2912 Male
717 2870 969 2921 Heu-mannus,
998 2886 1111 2929 quem
1138 2870 1449 2912 Schneidewinus
1477 2875 1631 2912 secutus
1660 2877 1736 2916 est,
1767 2885 1815 2911 ex
1844 2869 1927 2911 cod.
1957 2869 2058 2911 Flor.
2087 2870 2154 2911 ubi
2184 2873 2241 2911 τῶ
2270 2878 2344 2912 est:

941 2937 1054 2980 ἀλύει
1081 2936 1123 2979 δ’
1151 2936 1215 2979 ἐπὶ
1242 2936 1356 2979 παντὶ
1382 2937 1452 2991 τῷ

416 3038 419 3040 ,
940 3005 1090 3063 χρείας
1115 3003 1332 3059 ἱσταμένῳ,

150 3085 234 3113 cum
253 3070 340 3112 libri
362 3077 461 3113 recte
486 3070 651 3113 habeant
678 3071 794 3112 παντί
821 3084 898 3125 τῳ.
933 3070 983 3111 Ti>
1003 3069 1154 3128 χρείας
1170 3069 1381 3124 ἱστάμενον
1403 3083 1481 3125 quo
1505 3084 1621 3112 sensu
1641 3071 1883 3113 flennannus
1907 3073 2025 3127 accipi
2050 3071 2146 3120 vult,
2176 3078 2219 3111 ut
2239 3071 2331 3127 sit&
2352 3066 2541 3125 παροῦσα

144 3136 290 3195 χρεία,
326 3151 403 3178 non
438 3142 564 3194 potest
598 3138 651 3178 sic
683 3136 774 3186 diei,
810 3135 876 3178 sed
912 3143 980 3178 aut
1008 3136 1157 3195 χρείας
1183 3136 1228 3176 τὸ
1257 3136 1469 3191 ἱστάμενον
1505 3143 1574 3178 aut
1601 3137 1645 3177 τὸ
1675 3137 1887 3192 ίστάηενον
1909 3137 2070 3195 χρείας.
2107 3135 2263 3192 Χρείας
2288 3138 2326 3177 in
2356 3134 2539 3177 librom
