2720 3459
1230 222 1293 271 23

864 370 888 412 ὁ
916 369 970 412 δὲ
995 369 1184 425 βώτας,
1211 370 1235 413 ὁ
1261 369 1396 427 μέγας
1420 369 1511 413 Νεῖ-

860 435 932 482 λος
956 435 1180 494 ὑβρίζοντά
1203 437 1248 479 σ’
1274 435 1448 494 ἀποτρέ-

863 504 978 558 ψειεν
1004 502 1167 546 ἄοιστον
1194 502 1329 561 ὕβριν.

76 583 173 627 Nam
201 593 284 623 cum
311 591 380 635 per
407 576 576 620 ordinem
606 577 806 620 verborum
831 582 1042 623 necessario
1069 580 1334 640 coniungenda
1360 583 1438 624 sint
1464 580 1684 639 ὑβρίζοντα
1714 579 1855 639 ὕβριν,
1891 587 2020 639 patere
2046 597 2267 640 praeconem
2295 583 2446 639 quid·-

76 652 216 705 ipsum,
244 644 310 687 sed
337 657 416 685 non
445 642 565 698 ὕβριν
590 657 704 698 posse
731 643 869 686 ἄϊστον
895 645 978 688 diei.
1004 646 1190 701 Equidem
1216 652 1337 691 totam
1363 648 1562 704 stropham
1590 649 1645 690 sie
1671 647 1905 690 scribendam
1933 663 2083 691 censeo:

860 722 957 772 οἰοῖ,
987 723 1078 774 οἰοῖ,

860 786 991 843 λύμας
1015 788 1061 830 οἷ
1082 789 1134 832 σι)
1162 790 1329 847 προβὰς
1353 789 1540 834 ὑλάσιεις

859 853 1072 912 περιχάνδ’
1099 855 1127 896 ἃ
1153 855 1362 912 βρυάζεις.

830 919 834 924 ’
857 918 907 966 ὃς
931 919 1075 978 ἐπωπᾷ
1102 920 1158 972 δ’,
1187 921 1211 962 ὁ
1236 921 1370 977 μέγας
1395 917 1485 963 Νεῖ-

857 985 939 1033 λος,
969 985 1191 1040 ὑβρίζοντά
1214 987 1263 1037 σ’,
1292 986 1463 1042 ἀποτρέ-

360 1107 365 1112 ,
860 1051 973 1105 ψειεν
1001 1049 1138 1093 ἄϊστον
1164 1048 1298 1107 ὕβριν.

82 1129 172 1176 Vae,
200 1142 281 1175 vae,
316 1141 387 1178 quo
415 1134 452 1166 tu
479 1129 704 1168 contumeliae
724 1140 940 1179 prom-essue
968 1130 1081 1168 latras
1113 1143 1206 1181 quae
1237 1131 1343 1180 nimis
1377 1131 1521 1170 diducto
1548 1132 1639 1170 victu
1672 1131 1811 1169 iactas!
1866 1129 1952 1173 Sed,
1980 1131 2047 1180 qui
2078 1136 2110 1167 te
2144 1131 2257 1178 videt,
2292 1144 2441 1181 rnaqnue

72 1194 201 1241 Nilus,
229 1193 501 1244 superbientem,
531 1199 667 1231 avertat
691 1194 909 1230 insolentiam
936 1199 1031 1231 tuam
1058 1200 1098 1231 ut
1121 1195 1175 1232 ad
1199 1195 1345 1233 nihilum
1371 1195 1565 1246 ndiqwur.
1614 1188 1765 1233 Ἄῖστον
1791 1191 1998 1249 proleptiee
2030 1193 2198 1249 positum
2225 1198 2302 1241 est,
2335 1192 2443 1233 ὥστε

73 1257 209 1299 ἄϊστον
237 1256 350 1298 εἶναι.
399 1249 578 1298 Similiter
606 1256 866 1298 Schwerdtius
893 1270 1015 1312 nuper
1039 1259 1163 1313 prima
1189 1250 1303 1300 verba
1331 1260 1515 1308 correxit,
1545 1260 1612 1314 qui
1637 1258 1770 1301 edidit:
1808 1257 1858 1304 ὃς
1883 1257 2029 1314 ἐπωπᾷ
2057 1273 2106 1299 σε
2128 1258 2264 1312 μέγας
2288 1258 2442 1309 Νεῖλος,

73 1322 312 1378 ὑβρίζοντος
337 1321 605 1377 ἀποτρέψειεν
632 1321 769 1363 ἄϊστον
804 1318 939 1377 ὕβριν,
974 1321 1041 1364 sed
1073 1336 1267 1379 perperam
1304 1321 1501 1367 artieuhim
1537 1329 1623 1366 ante
1657 1323 1790 1381 μέγας
1822 1323 1965 1370 Νεῖλος
1997 1325 2193 1373 omittens;
2235 1338 2304 1366 nec
2336 1323 2444 1366 facile

71 1387 255 1445 particula
284 1387 520 1430 adversativa
544 1401 580 1429 ν.
608 1386 701 1432 844.
721 1386 957 1439 ‘camimum
992 1392 1029 1429 et
1057 1389 1141 1444 quis
1169 1387 1264 1431 ferat
1297 1387 1538 1446 ὑβρίζοντος
1563 1387 1713 1446 ὅβρινῗ
1756 1386 1942 1430 Ἐπωπᾶν
1975 1388 2115 1446 legitur
2151 1388 2321 1449 Choepb.
2348 1389 2443 1440 679,

72 1453 179 1495 Eum.
208 1453 300 1496 272.
330 1453 422 1497 956.
470 1452 613 1495 Deinde
641 1454 766 1494 nescio
796 1467 844 1494 an
869 1451 1153 1510 praeferendum
1181 1456 1230 1496 sit
1256 1454 1566 1512 ἀποστρέψειεν,
1596 1454 1701 1510 quod
1728 1454 1952 1510 Hartungus
1980 1454 2092 1495 dedit.

247 1543 293 1583 V.
321 1542 415 1587 849.
445 1543 559 1590 Quod
588 1542 802 1584 Observatt.
831 1544 927 1583 critt.
955 1555 992 1598 p.
1023 1543 1085 1585 17.
1113 1545 1267 1584 conieci:

772 1618 866 1675 ὁλκὴ
895 1619 974 1674 γὰρ
1003 1614 1148 1660 οὖλον
1175 1619 1376 1673 πλόκαμον
1403 1619 1547 1674 οὐδάμ’
1576 1619 1726 1668 ἅζεται,

71 1693 187 1736 οὖλον
214 1709 285 1751 pro
314 1693 443 1744 οὔτοι,
471 1698 551 1737 eius
575 1710 622 1737 ne
650 1709 751 1737 nune
778 1694 927 1751 quidem
954 1710 1011 1737 me
1038 1697 1220 1751 poenitet;
1246 1695 1312 1739 cst.
1339 1696 1482 1739 Herod.
1509 1696 1562 1746 11,
1594 1696 1683 1740 104.

550 1784 613 1824 ·V.
643 1784 736 1828 851.
763 1798 832 1825 ss.
823 1799 832 1808 ·
859 1783 1033 1839 βρέτεος
1057 1783 1163 1839 ἄρος
1187 1782 1276 1825 ἄτα.

858 1848 1033 1903 ἄμαλάδ’
1059 1848 1148 1902 ἄγει
1173 1850 1224 1903 μ’

858 1913 1050 1996 ἄραχνοςν
1062 1914 1122 1960 ὣς
1144 1914 1281 1974 βάδην
1310 1915 1424 1971 νόαρ,
1454 1915 1556 1972 νόαρ
1582 1915 1721 1970 μέλαν.

70 1979 134 2023 Sic
161 1981 420 2031 Hermannus‚
456 1983 606 2040 egregie
636 1980 751 2038 νόαρ,
780 1980 885 2038 -νόαρ
919 1995 989 2038 pro
1024 1980 1138 2038 ὄναρ,
1167 1980 1268 2038 ὄναρ
1295 1982 1518 2030 restituens,
1553 1980 1620 2023 sed
1654 1996 1689 2022 v.
1718 1980 1811 2026 851.
1840 1983 1964 2023 nescio
2000 1996 2050 2023 an
2083 1983 2122 2023 in
2154 1982 2227 2024 hoc
2261 1982 2438 2035 doehmio

69 2047 194 2089 soluta
221 2054 381 2104 utraque
411 2050 487 2090 arsi
520 2047 642 2089 media
669 2048 785 2104 longa
811 2048 928 2089 thesis
964 2050 1002 2089 in
1029 2047 1255 2104 paenultima
1282 2047 1431 2104 syllaba
1457 2049 1582 2090 minus
1609 2053 1698 2105 apta
1725 2050 1785 2090 sit.
1842 2048 2000 2104 Recepit
2033 2047 2110 2089 ἄτα
2145 2062 2195 2090 ex
2222 2048 2437 2100 Emathio,

70 2114 136 2156 sed
155 2121 398 2157 monstruosa
418 2114 602 2157 librorum
624 2116 823 2171 scriptura,
850 2114 1047 2171 βροτιοσα
1062 2128 1234 2170 ροσαται
1254 2113 1307 2156 Μ.
1327 2113 1383 2163 E„
1410 2113 1639 2170 βροατίοσα
1663 2114 1838 2169 ροσάται
1863 2113 1922 2163 G„
1950 2113 2053 2156 ducit
2073 2113 2122 2156 ad
2141 2113 2235 2171 ἀτᾷ,
2262 2120 2300 2157 et
2318 2116 2437 2159 schol.

69 2180 279 2237 explicans:
308 2182 333 2239 ἡ
355 2179 403 2223 δὲ
422 2179 609 2237 βρετέων
629 2178 837 2236 ἐπικουρία
854 2179 1021 2234 βλάπτει
1038 2194 1103 2234 με,
1132 2179 1266 2237 legisse
1292 2177 1442 2220 videtur
1467 2178 1645 2235 βρέτεος
1670 2178 1776 2236 ἄρος
1797 2179 1840 2234 μ’
1868 2179 1961 2236 ἀτᾷ,
1990 2178 2094 2235 quod
2121 2185 2248 2222 tamen
2274 2187 2434 2223 metrum

68 2260 146 2288 non
167 2246 341 2289 admittit.
370 2245 529 2289 Accedit
555 2246 659 2303 quod
686 2251 946 2303 exspectatum
973 2261 995 2288 a
1022 2246 1081 2288 dei
1107 2244 1305 2288 simulacro
1335 2244 1517 2287 auxilium
1547 2246 1709 2301 virgines
1736 2259 1815 2286 non
1842 2250 1919 2286 tam
1946 2244 2110 2300 perdidit
2137 2259 2251 2300 quam
2278 2245 2436 2303 decepit,

70 2312 174 2367 quod
201 2312 239 2354 id
266 2312 391 2355 adhuc
418 2312 574 2355 frustra‘
587 2317 846 2370 exspectatum
873 2317 940 2355 est.
986 2311 1168 2369 Equidem
1193 2309 1430 2353 'scribendum
1459 2310 1641 2352 arbitror:

1013 2389 1186 2445 βρέτεος
1210 2388 1463 2454 demeat&

68 2472 252 2508 simulacri
277 2471 450 2508 auxilium
479 2476 674 2507 cunctatur.
703 2465 814 2517 Sunt
842 2472 964 2508 autem
993 2482 1015 2507 a
1042 2481 1075 2506 v.
1102 2465 1184 2510 850
1211 2466 1260 2507 ad
1284 2466 1377 2510 853.
1406 2480 1539 2507 versus
1567 2480 1696 2507 omnes
1724 2466 1881 2508 iambici.
1910 2491 1964 2497 —
1993 2467 2136 2509 Deinde
2164 2482 2251 2509 cum
2279 2483 2313 2509 v.
2340 2468 2436 2513 852.

68 2532 122 2574 Μ.
144 2533 186 2575 G.
210 2533 375 2575 habeant
399 2531 639 2587 μαλδαάγει,
668 2532 768 2574 Rob.
785 2531 925 2587 μάλδά
942 2547 1015 2586 γει,
1042 2531 1144 2587 quod
1162 2531 1401 2573 Hel-mannus
1429 2531 1531 2573 dedit
1557 2530 1733 2587 ἄμαλάδ’
1761 2531 1851 2586 ἄγει
1876 2534 1938 2587 μ’,
1968 2533 2017 2575 ad
2039 2547 2191 2575 sensum
2213 2534 2365 2590 quidem
2381 2541 2440 2577 est

68 2601 320 2654 aptissimum,
355 2597 422 2641 sed
449 2612 535 2641 cum
561 2600 601 2640 in
629 2598 868 2656 antistropha
895 2613 929 2641 v,
957 2597 1048 2645 862.
1077 2596 1302 2655 respondeat
1326 2612 1447 2654 purus
1475 2604 1707 2641 monometer
1734 2598 1934 2650 iambicus,
1973 2599 2204 2657 persuadere
2238 2601 2333 2644 mihi
2358 2617 2438 2645 non

65 2677 243 2720 possum,
279 2666 353 2708 illie
388 2665 539 2723 dactylo
574 2680 646 2723 pro
674 2665 799 2708 iambo
826 2666 952 2709 locum
978 2679 1069 2708 esse.
1123 2665 1184 2707 Ab
1212 2679 1257 2707 ea
1282 2670 1389 2721 parte
1415 2670 1585 2721 praestat
1611 2664 1715 2722 quod
1739 2665 1981 2708 Hermannus
2010 2666 2123 2709 scribi
2149 2669 2320 2725 potuisse
2347 2667 2439 2710 dicit

67 2729 305 2785 ἀμαλδυνεῒ,
340 2732 407 2775 sed
434 2732 526 2774 mihi
553 2732 725 2774 futurum
750 2746 829 2775 non
855 2732 1057 2791 probatur,
1084 2746 1150 2774 nec
1176 2730 1311 2790 βάδην
1337 2732 1519 2773 convenit.
1576 2730 1768 2790 Scriptum
1796 2731 1959 2775 fortasse
1986 2732 2059 2776 fuit
2086 2733 2239 2790 ἀμύγδ’
2266 2732 2356 2788 ἄγει
2380 2734 2436 2789 μ’,

66 2798 262 2840 vellicando
291 2808 323 2840 et
349 2802 543 2841 lacerando
569 2815 623 2841 me
649 2802 775 2853 σόίρίι,
805 2814 827 2842 a
856 2800 970 2843 verbo
998 2798 1203 2855 ἀμύσσειν,
1230 2797 1330 2841 unde
1356 2797 1468 2853 ἀμύξ
1491 2797 1660 2841 affertur.
1716 2798 1890 2842 Ceterum
1918 2800 2024 2857 quod
2051 2800 2169 2844 schol.
2193 2801 2349 2858 legitur,
2377 2801 2439 2846 ὡς

64 2860 194 2917 μηδὲν
215 2862 356 2916 οὖσαν,
384 2873 512 2922 aperte
539 2865 804 2922 corrigendum
831 2867 892 2913 ὡς
914 2869 1037 2921 μυῖαν
1064 2862 1202 2915 οὖσαν,
1230 2864 1279 2907 ad
1298 2878 1456 2907 araneae
1474 2867 1792 2922 comparationem
1812 2869 2063 2923 aptissimum
2093 2868 2149 2911 De
2168 2870 2280 2925 nigra
2297 2881 2435 2910 aranea

67 2925 169 2978 (nam
190 2928 302 2972 talem
319 2931 392 2974 dici
409 2931 519 2973 docet
539 2931 639 2988 νοάρ
657 2931 798 2988 μέλαν)
820 2932 885 2974 cfr.
899 2930 1245 2975 AristotHistAn.
1251 2928 1391 2973 ΙΧ.39.
1412 2930 1457 2970 τὸ
1475 2928 1516 2970 δ’
1537 2929 1680 2987 ἕτερον
1701 2931 1931 2990 (ἀράχνιον)
1950 2934 2105 2989 μεῖζον,
2125 2934 2170 2974 τὸ
2188 2933 2266 2988 μὲν
2280 2935 2435 2991 χρῶμα

63 2989 202 3044 μέλαν,
230 2995 278 3037 τὰ
297 2995 344 3039 δὲ
364 2996 484 3056 σκέλη
505 2997 554 3040 τὰ
574 2995 756 3055 πρόσθια
780 2998 921 3056 μακρὰ
949 2996 1057 3056 ἔχον,
1085 2996 1133 3055 τῇ
1153 2995 1201 3039 δὲ
1227 2995 1374 3054 κινήσει
1395 2994 1560 3054 νωθρὸν
1585 2998 1651 3039 καὶ
1677 2997 1886 3052 βαδίζον
1913 2999 2003 3057 ἦρε
2009 3016 2086 3056 μα
2115 2999 2284 3056 Legatur
2302 2999 2435 3055 igitur:

768 3085 784 3100 ·
853 3075 1031 3133 βρέτεος
1052 3072 1158 3131 ἄρος
1177 3071 1319 3131 ματᾷ.

853 3141 882 3184 ἀ
887 3157 920 3198 μ
928 3139 1033 3196 υγδ
1060 3139 1150 3195 ἄγει
1174 3140 1223 3196 μ’

855 3208 1037 3267 ἄραχνος
1061 3207 1122 3255 ὣς
1144 3206 1279 3264 βάδην
1307 3206 1421 3263 νόαρ,
1451 3207 1552 3264 νόαρ
1578 3208 1717 3264 μέλαν.
