2720 3459
1380 140 1439 187 16

219 300 364 330 menses
382 287 499 329 nobis
516 290 688 343 ereptum
708 287 932 344 gravissime
952 286 1139 343 lugemus.
1178 288 1275 329 Cum
1298 288 1370 329 hoc
1391 300 1460 344 per
1479 285 1641 328 hiemem
1666 300 1701 328 a.
1727 284 1911 340 1852s3.
1935 287 2124 345 Aescbyff
2139 287 2334 331 lectionem
2362 290 2603 332 instincta-

222 355 372 408 utrique
399 359 573 395 nostrum
599 352 931 401 iucundissimam,
959 366 1004 394 ac
1029 359 1112 394 tmn
1140 353 1290 408 quidem
1318 351 1535 407 Supplices,
1572 349 1859 402 Prometheum,
1893 352 2031 394 Persae
2064 352 2306 394 absolvimus-
2358 353 2451 402 Quo>
2472 355 2604 396 abac

215 431 306 459 vero
326 416 493 474 reliquas
513 417 625 458 etiam
646 415 798 459 fabulas
815 422 971 474 postero
991 422 1160 474 tempore
1178 417 1397 474 legeremus,
1424 416 1635 459 intercessit
1651 414 1942 460 Selloe-bornio
1957 417 2118 460 morbus
2133 417 2195 460 ille
2215 417 2389 460 funestus
2412 432 2491 476 qno
2507 423 2600 477 poet

217 483 362 539 aqut
389 497 513 525 annos
535 482 767 540 absumptus
790 488 861 526 est.
884 505 940 516 —--
969 483 1101 540 Itaque
1134 483 1370 525 diversorum
1402 485 1622 537 naporum>
1652 487 1749 524 sunt-
1775 497 1873 538 quae
1904 485 1980 526 iam
2013 483 2224 541 proferam,
2257 484 2442 541 pleraque
2472 490 2603 527 nmen

218 549 423 592 Her-manni
452 561 591 606 operae
619 549 907 607 cognoscendae
933 555 1048 607 atque
1072 547 1342 592 examinandae
1367 545 1497 589 studio
1522 546 1720 591 debentur.

396 625 668 669 AESCHYLI
696 625 875 669 SUPPL.
903 640 939 669 v.
959 627 1041 671 ⁵3³:
1068 627 1263 681 γνώσεται
1289 624 1338 665 δὲ
1355 624 1535 679 λόγους
1561 638 1623 671 τις
1648 624 1696 667 ἐν
1709 625 1843 681 μάκει.
1871 625 1975 670 Haec
1999 634 2226 684 quamquam
2246 626 2404 685 intelligi
2425 632 2599 685 possunt,

219 708 304 735 cum
330 693 480 746 λόγους
506 693 557 735 ad
583 693 701 735 verba
728 694 883 747 γονέων
918 695 987 747 (sic
1015 693 1214 734 scholiasta
1242 691 1336 732 duce
1364 690 1626 741 Hermannus;
1663 691 1748 732 libri
1776 693 1828 732 τά
1855 707 1898 733 τε
1927 694 2010 742 νῦν,
2046 692 2096 734 ad
2131 707 2227 749 quae
2261 695 2422 750 propius
2450 692 2600 735 accedet

218 757 424 813 τοκέων)
466 757 703 808 ἐπιδείξω
737 758 854 801 πιστὰ
889 758 1082 816 τεκμήρια
1116 757 1244 800 referri
1278 758 1418 814 possit,
1459 756 1552 799 mihi
1586 761 1712 800 tamen
1753 756 1902 812 λόγους
1935 760 2028 801 satis
2060 760 2224 801 otiosum
2258 758 2420 801 videtur.
2469 758 2600 815 ltaque

220 823 461 866 scribendum
496 824 590 866 mihi
621 826 746 866 visum
781 831 854 866 est:
890 824 1084 879 γνώσεται
1118 823 1165 864 δὲ
1198 822 1351 877 λόγου
1388 836 1445 869 τις
1475 821 1519 863 ἐν
1542 822 1686 878 μάκει,
1721 824 1787 865 int.
1815 822 1864 865 τὰ
1892 823 2009 866 πιστὰ
2037 825 2253 882 τεκμήρια,
2290 839 2448 882 eamque
2475 825 2599 867 conie-

219 896 371 932 cturam
399 891 518 933 schol.
549 890 764 932 confirmat:
790 890 997 946 προϊόντος
1026 889 1256 941 τοῦλόγου,
1285 903 1382 943 quae
1410 902 1495 929 cum
1524 888 1679 944 vulgata
1706 891 1895 944 scriptura
1921 904 1999 930 non
2027 893 2264 931 conveniunt.

820 965 867 1007 V.
894 965 947 1009 56
975 980 1073 1021 sqq.:
1102 963 1266 1012 δοξάσει
1294 979 1355 1010 τις
1380 963 1542 1006 ἀκούειν
1570 963 1651 1005 ὄπα
1679 967 1753 1010 τᾶς
1782 964 1953 1023 Τηρεΐας

1097 1030 1308 1088 μήτιδος
1333 1031 1501 1087 οἰκτρᾶς
1525 1029 1692 1088 ἀλόχου,

1100 1094 1340 1154 κιρκηλάως
1366 1094 1554 1153 ammom

221 1174 485 1216 Hermannus:
522 1177 631 1216 Recte
663 1178 865 1216 scholiastes
897 1173 1069 1231 Τηρεΐας
1097 1172 1267 1231 μῆτιδος
1293 1188 1368 1226 pro
1395 1177 1478 1227 ipso
1511 1176 1622 1214 Tereo
1656 1176 1788 1214 dietum
1823 1177 1972 1227 accepit.
2026 1176 2232 1215 Gomon-tum
2258 1184 2291 1216 ct
2314 1190 2523 1228 perversum
2549 1184 2604 1216 est

214 1241 326 1291 ‘quod
356 1242 508 1292 quidam
541 1243 742 1290 voluerunt,
785 1243 1014 1281 Philomelam
1047 1238 1250 1293 (Procnen)
1285 1242 1360 1280 dici
1387 1237 1561 1296 μήτιδος
1592 1238 1767 1294 οἰκτράν.
1822 1238 2058 1282 Scholiastae
2096 1240 2296 1297 explicatio
2334 1240 2423 1286 ferri
2457 1241 2599 1296 nequit.

222 1303 340 1346 Recte
368 1304 517 1346 Procne
546 1303 734 1346 diceretur
772 1304 939 1362 Τηρείας
962 1303 1062 1359 βίας
1086 1302 1255 1361 ἄλοχος,
1281 1317 1361 1346 nou
1393 1302 1566 1362 quee'ac
1587 1303 1759 1362 μήτιδος
1783 1302 1953 1361 ἄλοχος,
1980 1320 2059 1347 nou
2086 1308 2209 1361 magis
2236 1320 2351 1361 quam
2377 1306 2602 1361 Xanthippa

223 1368 493 1426 Σωκρατείας
517 1370 671 1426 σοφίας
703 1369 863 1429 ἄλοχος.
894 1370 1047 1427 ·Itaque
1076 1375 1295 1427 corruptum
1331 1383 1413 1412 esse
1445 1368 1619 1429 μήτιδος
1644 1375 1788 1413 certum
1815 1370 1907 1413 mihi
1934 1370 2106 1423 videtur3
2142 1370 2298 1415 alteram
2326 1377 2452 1428 autem
2477 1370 2600 1428 expli-

228 1437 412 1477 cationem
439 1435 685 1478 Hermannus
714 1439 845 1479 merito
874 1437 1036 1480 damnat.
1079 1437 1258 1485 Fortasse
1284 1436 1503 1492 Aeschylus
1531 1438 1736 1493 scripserat
1763 1434 1941 1487 εὔνιδος,
1970 1437 2183 1488 orbatae,
2210 1439 2277 1480 int.
2305 1437 2389 1495 Itye
2416 1436 2506 1488 filio,
2535 1440 2602 1479 aut

223 1501 330 1557 quod
358 1501 486 1544 malim
514 1508 674 1559 propter
699 1502 951 1561 κιρκηλάτας,
977 1501 1066 1543 nido
1094 1509 1130 1544 et
1150 1501 1289 1559 pullis,
1327 1508 1365 1544 et
1391 1504 1481 1557 quia
1508 1502 1643 1544 orbata
1670 1508 1747 1552 est,
1784 1502 1929 1558 οἰκτρά
1953 1502 2100 1545 dicitur.
2133 1499 2136 1502 ’
2157 1504 2380 1546 Consentire
2415 1517 2501 1545 cum
2529 1503 2601 1545 hac

225 1569 533 1625 interpretatione
561 1568 772 1611 videbimus
798 1570 909 1611 etiam
938 1582 1032 1625 quae
1060 1573 1281 1625 sequuntur.

881 1633 930 1677 V.
958 1633 1023 1679 59.
1051 1649 1101 1677 s.:
1128 1633 1185 1676 ἅτ’
1216 1634 1296 1676 ἀπὸ
1318 1635 1498 1693 χλωρῶν
1525 1633 1708 1677 πετάλων
1736 1633 1940 1691 ἐγρομένα

1128 1698 1272 1740 πενθεῖ
1295 1698 1472 1740 νέοικτον
1498 1692 1609 1740 οἶτον
1634 1699 1788 1758 ἠθέων.

220 1776 284 1819 Sic
317 1773 562 1819 Hermannus
603 1777 904 1832 ingeniosissime
939 1776 1119 1818 librorum
1155 1778 1376 1832 scripturam
1421 1777 1704 1835 ἅταποχώρων
1738 1779 1930 1832 ποταμῶν
1980 1774 2009 1817 τ’
2066 1776 2272 1834 ἐργομένα
2319 1776 2466 1818 πενθεῖ
2511 1777 2601 1818 νέον

220 1838 353 1883 οἶκτον
373 1838 516 1901 ἠθέων
542 1840 776 1894 emendavit,
802 1840 903 1886 unde
930 1842 1054 1887 verbis
1082 1842 1209 1887 divisis
1237 1843 1418 1888 edebatur
1443 1841 1501 1887 ἅτ’
1524 1843 1605 1886 ἀπὸ
1620 1843 1779 1902 χώρων
1796 1840 1988 1898 ποταμῶν
2009 1840 2038 1885 2²
2063 1841 2268 1900 ἐργομένα
2290 1843 2349 1885 vel
2371 1841 2602 1899 εἷργομένα.

219 1906 441 1949 Emendatio
468 1908 551 1957 illa,
586 1922 703 1964 quam
725 1906 968 1949 Hermannus
1005 1908 1197 1966 Odysseae
1225 1909 1347 1950 verbis
1376 1907 1505 1960 XIX„
1538 1905 1743 1954 518-20.
1777 1908 1992 1959 confirmat,
2026 1912 2106 1951 tam
2133 1908 2285 1967 elegans
2313 1913 2390 1960 est,
2424 1914 2470 1952 ut
2495 1907 2604 1952 facile

219 1976 384 2016 cuiusvis
412 1977 580 2016 animum
609 1975 744 2030 capiat.
778 1975 840 2015 Ac
867 1973 1043 2015 νέοικτον
1070 1974 1189 2024 οἶτον,
1218 1978 1249 2016 si
1276 1975 1454 2032 strophae
1482 1984 1632 2016 versum
1659 1976 1726 2017 55.
1754 1988 2036 2031 comparamus,
2070 1977 2137 2015 vix
2164 1972 2330 2016 dubitari
2355 1979 2483 2031 potest
2510 1975 2602 2030 quin

219 2052 347 2081 verum
370 2040 430 2082 sit.
459 2038 538 2083 Sed
556 2040 595 2082 in
613 2040 745 2097 priore
772 2054 886 2082 versu
914 2038 1047 2083 dubito
1074 2054 1164 2082 num
1192 2036 1392 2097 ἐγρομένα
1419 2054 1501 2083 esse
1528 2041 1651 2097 possit
1677 2036 1918 2098 διωκομένη,
1946 2054 2044 2096 quae
2063 2039 2288 2083 scholiastae
2307 2045 2366 2082 est
2384 2036 2599 2096 explicatio.

218 2104 316 2146 Nam
335 2108 499 2162 primum
522 2101 697 2162 ἐγείρειν
713 2120 793 2148 non
812 2107 965 2148 memini
988 2120 1046 2148 me
1066 2108 1118 2148 ita
1132 2106 1253 2164 legere
1272 2111 1315 2148 ut
1333 2111 1432 2148 esset
1451 2105 1628 2156 διώκεινς
1655 2110 1737 2148 tum
1758 2107 1790 2148 si
1812 2107 1978 2148 aoristus
1996 2110 2072 2156 est,
2098 2119 2178 2147 non
2197 2109 2255 2147 est
2271 2105 2414 2162 passivi
2435 2105 2602 2162 generis3

218 2172 279 2212 sin
305 2185 504 2228 praesens,
542 2170 718 2229 ἔγρομαι
750 2171 875 2214 forma
908 2174 1164 2229 posteriorum
1197 2178 1269 2222 est,
1303 2187 1380 2213 non
1413 2174 1664 2228 tragicorum3
1702 2186 1791 2214 uam
1825 2168 1930 2228 quod
1964 2171 2057 2214 Eur.
2092 2171 2251 2213 Phaeth.
2287 2170 2332 2213 fr.
2360 2170 2407 2213 11.
2442 2170 2519 2225 29„
2537 2168 2601 2212 Df.

219 2238 372 2293 legitur:
402 2236 637 2294 ἔγρονται
662 2236 703 2280 δ’
734 2239 797 2284 εἷς
820 2238 1004 2293 βοτάναν
1031 2235 1186 2286 ξανθᾶν
1213 2237 1354 2280 πώλων
1381 2237 1575 2294 συζυγίαι,
1603 2236 1726 2281 codex
1744 2236 1845 2280 illius
1863 2237 2064 2294 fragmenti
2085 2241 2163 2279 tam
2182 2237 2340 2280 vitiosus
2365 2242 2434 2288 est,
2461 2242 2602 2279 utnon

221 2303 378 2346 multum
405 2307 553 2347 veritati
581 2307 691 2348 istius
720 2303 864 2347 formae
892 2304 1069 2347 tribuam.
1117 2305 1295 2346 Fortasse
1322 2305 1372 2346 ibi
1400 2304 1586 2361 ὄρνυνται
1613 2304 1865 2346 scribendum.
1914 2303 2045 2359 Atque
2076 2305 2203 2345 nescio
2238 2319 2288 2345 an
2314 2305 2467 2345 omnino
2496 2308 2601 2345 tanta

223 2371 378 2411 mutatio
405 2385 482 2412 non
509 2372 745 2428 requiratur,
774 2368 841 2413 sed
869 2372 963 2413 satis
990 2372 1041 2412 sit
1068 2369 1246 2412 scribere:

966 2444 1024 2488 ἅτ’
1056 2445 1137 2488 ἀπὸ
1160 2447 1317 2504 χώρων
1344 2447 1598 2503 προτέρων
1626 2447 1857 2504 εἷργομένα,

224 2524 289 2564 int.
318 2524 364 2566 ab
393 2528 566 2582 accipitre
595 2529 661 2582 qui
688 2541 770 2568 eam
797 2526 889 2567 nido
917 2524 1068 2581 expulit
1094 2523 1284 2580 pullisque
1310 2524 1466 2565 orbavit.
1504 2525 1645 2580 Χῶροι
1673 2524 1868 2579 πρότεροι
1899 2526 2025 2565 statim
2061 2525 2238 2566 dicuntur
2265 2522 2387 2581 ἤθεα.
2433 2522 2485 2564 Τέ
2510 2532 2602 2579 par-

224 2588 337 2631 ticula
365 2591 501 2634 inserta
528 2590 688 2643 videtur,
716 2596 923 2648 postquam
951 2588 1167 2647 προτέρων
1194 2590 1233 2631 in
1261 2589 1455 2643 ποταμιῦν
1489 2594 1711 2647 corruptum
1738 2595 1813 2640 est,
1849 2591 1922 2632 nisi
1948 2592 1981 2632 ei
2010 2589 2057 2632 δέ
2085 2607 2121 2633 v.
2148 2590 2214 2635 61.
2241 2589 2470 2646 respondere
2497 2589 2603 2632 velis-

226 2656 287 2697 Ac
320 2655 478 2698 tortasse
505 2659 616 2699 etiam
643 2657 862 2714 ἐργομένα,
899 2656 1093 2698 homerica
1119 2655 1261 2704 forma,
1287 2653 1361 2709 (11.
1387 2670 1429 2710 ρ,
1456 2654 1565 2707 571.)
1593 2657 1735 2698 servari
1761 2661 1906 2712 potest,
1950 2671 2034 2699 cum
2062 2658 2186 2713 epicas
2214 2655 2357 2699 formas
2384 2656 2602 2711 saepissime

226 2720 442 2776 Aeschylus
473 2721 693 2765 adhibuerit.

950 2776 999 2818 V.
1024 2775 1089 2822 67.
1118 2790 1190 2817 ss.:
1219 2772 1368 2829 γοεδνὰ
1397 2771 1435 2814 δ’
1467 2773 1733 2832 ἀνθεμίζομαι

1215 2840 1387 2894 δεῖμα,
1413 2838 1633 2893 μένουσα
1661 2841 1851 2897 φίλους.

223 2916 288 2960 Sic
315 2916 555 2959 Hermannus
583 2931 654 2974 pro
682 2917 942 2974 δειμαίνουσα
970 2918 1125 2977 φίλους.
1182 2915 1371 2960 Μένουσα
1401 2914 1544 2973 φίλους
1569 2919 1601 2959 si
1626 2933 1705 2961 non
1731 2925 1791 2961 est
1816 2923 2006 2962 adventum
2032 2928 2275 2973 eoquatorum,
2301 2918 2473 2977 Aegypti
2501 2919 2599 2964 filio-

224 2998 328 3033 rum,
364 2993 571 3036 aspectans
598 2989 653 3025 vel
678 2994 845 3036 metuens,
883 2986 987 3042 quod
1013 3000 1094 3029 non
1127 2991 1259 3042 aptum
1286 2982 1453 3032 videtur,
1489 2984 1693 3026 amicorum
1720 2984 1903 3027 auxilium
1930 2999 1972 3028 se
1998 2989 2220 3043 exspectare
2247 2983 2388 3027 chorus
2414 2984 2523 3036 dicit,
2556 2989 2602 3028 ut

224 3048 321 3091 idem
343 3048 573 3106 significetur
596 3049 718 3091 verbis
747 3049 788 3092 εἴ
810 3051 869 3096 τίς
894 3051 975 3093 ἐστι
1002 3051 1193 3111 κηδεμών
1221 3065 1256 3091 ν.
1279 3048 1343 3092 70.
1370 3048 1456 3107 Ego
1485 3050 1711 3092 conieceram
1733 3049 1882 3106 γοεδνὰ
1905 3048 1945 3093 δ’
1974 3049 2243 3108 ἀνθεμίζομαι
2266 3047 2388 3107 δεῖμ’,
2414 3048 2602 3103 ἀλόουσζ

224 3114 383 3173 ἄφιλος,
414 3124 437 3156 ῦ
467 3114 583 3157 vocali
613 3118 650 3157 in
680 3116 860 3159 ἀλύουσα
889 3121 1080 3173 epicorum
1108 3121 1255 3161 ratione
1284 3121 1476 3171 correpta,
1504 3115 1618 3169 idque
1645 3118 1755 3158 etiam
1783 3130 1883 3158 nunc
1910 3123 2030 3159 teneo.
2061 3117 2119 3158 Εἰ
2146 3132 2180 3157 v.
2203 3117 2268 3159 70.
2299 3122 2457 3172 apparet
2484 3119 2601 3158 inter-
