2720 3459
1328 198 1356 242 8

152 344 401 385 excusatione
423 344 516 385 satis
536 340 773 392 defendatur,
800 343 914 399 quod,
944 350 983 389 in
1007 357 1084 399 quo
1104 357 1233 385 omnes
1255 343 1509 392 consentiunt,
1531 341 1605 384 hoc
1627 356 1777 384 carmen
1794 343 1915 399 priori
1932 344 2012 385 eius
2034 344 2145 385 aetati
2164 349 2222 385 est
2244 341 2534 386 attribuendum.

154 407 301 448 Verum
330 413 457 450 tamen
486 422 598 464 spero
627 406 708 449 sore
736 414 781 449 ut
806 423 884 450 non
912 409 1114 450 Horatium
1139 408 1365 465 culpandum
1395 422 1476 449 esse
1504 414 1695 464 appareat.

329 473 408 514 lam
435 475 599 530 primum
629 473 798 515 diversas
827 476 994 515 virorum
1023 474 1220 516 doctorum
1249 475 1451 514 sententias
1478 474 1609 528 paucis
1636 475 1907 515 examinemus.
1936 475 1995 515 Ac
2019 475 2184 515 maxime
2205 473 2355 529 quidem
2382 474 2534 531 pervul-

154 544 243 595 gata
271 545 309 581 et
325 554 358 580 ·a
387 540 575 595 plerisque
605 543 859 596 antiquiorum
887 542 1026 582 tradita
1054 546 1111 582 est
1139 541 1231 582 haec
1247 542 1354 587 ratio,
1383 545 1426 580 ut
1450 541 1562 594 primi
1590 553 1660 581 sex
1679 554 1814 581 versus
1840 546 1966 582 essent
1989 546 2138 588 nautae,
2166 539 2299 595 reliqui
2319 540 2534 595 Archytae:

163 605 408 653 Torrentius,
438 605 716 655 Buttmannus‚
746 606 820 655 alii,
848 607 1043 662 Archytae
1071 608 1275 647 orationem
1305 620 1326 645 a
1354 620 1388 646 v.
1417 604 1482 647 21.
1509 606 1671 660 incipere
1697 605 1840 647 volunt.
1887 605 2045 661 Utrique
2071 608 2187 662 igitur
2213 604 2425 660 Archytam
2453 619 2535 647 esse

163 669 267 713 illum
301 669 533 728 naufragum
569 674 819 715 consentiunt.
870 672 998 730 ltaque
1032 677 1077 714 ut
1110 670 1156 713 de
1191 670 1261 712 hac
1293 685 1334 711 re
1367 670 1530 727 primum
1565 669 1705 721 dicam,
1738 677 1855 713 nauta
1889 685 1975 713 cum
2007 685 2085 713 non
2119 672 2158 713 in
2193 673 2292 712 terra
2318 675 2434 721 esset,
2467 668 2535 712 sed

163 738 249 776 navi
274 751 343 776 sua
371 737 575 778 veheretur
603 738 686 788 (cfr.
715 739 780 780 35.
809 738 889 791 36.)
917 762 971 767 -
999 737 1088 792 quid
1116 739 1213 776 enim
1240 750 1374 775 causae
1401 742 1499 783 erat,
1538 751 1606 776 cur
1634 737 1697 776 illo
1725 737 1821 784 loco,
1850 737 1915 777 ubi
1949 752 2019 777 nec
2051 744 2188 792 portus
2223 751 2291 776 nec
2325 738 2534 791 emporium

165 799 283 841 ullum
311 806 434 850 esset,
468 803 509 843 in
537 808 676 844 terram
704 802 972 844 exscenderet?
1001 828 1051 834 —
1080 800 1269 856 quomodo
1300 800 1591 855 praetervehens
1624 815 1644 842 e
1671 801 1881 857 longinquo
1916 807 2067 857 poterat
2102 815 2305 857 agnoscere
2340 803 2534 843 cuiusnam

162 878 302 921 corpus
336 873 437 908 esset
464 872 502 908 et
528 869 583 910 sic
604 868 816 923 Archytam
845 866 1009 923 alloqui?
1054 865 1195 907 Deinde
1225 864 1329 921 quod
1356 878 1441 907 eum
1469 865 1532 907 alii
1561 872 1810 917 monuerunt,
1833 873 1912 908 tum
1940 867 2153 909 Meinekius
2188 865 2392 923 (l'hilolog.
2418 865 2468 907 V.
2502 868 2535 908 1.

161 945 198 986 p.
234 931 324 974 171.
354 947 388 973 a.
412 932 558 986 1850),
589 934 799 989 Archytam
829 947 908 973 esse
936 936 1062 973 vetant
1089 929 1202 972 verba
1239 940 1269 972 te
1296 956 1351 962 -
1378 935 1538 972 cohibent
1563 936 1726 992 pulveris
1754 936 1875 985 exiqua'
1898 957 1952 964 -
1979 949 2145 983 munera,
2181 946 2276 988 quae
2304 945 2382 972 non
2409 929 2535 987 sepul-

161 1001 249 1037 tura
278 1002 467 1039 carentem
495 998 678 1048 indicant,
714 998 779 1040 sed
806 998 998 1039 humatum
1027 998 1167 1054 exiguo
1195 1002 1316 1038 terrae
1345 998 1468 1053 spatio
1495 997 1695 1038 inclusum.
1745 997 1849 1038 Tum
1883 999 2017 1038 mirum
2053 1011 2141 1038 sane
2169 1003 2243 1045 est,
2278 996 2382 1053 quod
2408 1001 2535 1043 nauta,
2572 1020 2574 1022 v

161 1066 385 1118 praesertim
423 1079 507 1105 cum
543 1065 789 1106 Tarentinum
824 1079 904 1105 esse
938 1063 1130 1120 probabile
1167 1066 1236 1112 sit,
1278 1077 1325 1104 ne
1353 1063 1468 1103 verbo
1498 1063 1648 1118 quidem
1677 1066 1792 1104 civem
1821 1069 1896 1104 tam
1925 1063 2108 1105 illustrem
2142 1077 2186 1104 ac
2217 1063 2263 1104 de
2291 1064 2439 1104 civitate
2466 1076 2535 1102 sua

162 1134 241 1170 tam
270 1128 364 1172 bene
393 1131 566 1172 meritum
595 1132 803 1172 miseratur.
850 1130 1047 1171 Praeterea
1075 1130 1105 1170 si
1134 1128 1328 1184 Archytas
1357 1127 1417 1170 ille
1444 1134 1563 1179 esset,
1590 1128 1652 1170 hic
1679 1144 1713 1170 v.
1740 1129 1805 1173 21.
1835 1143 1914 1170 non
1941 1128 2063 1171 dicere
2089 1136 2239 1185 poterat
2265 1144 2324 1169 me
2350 1143 2534 1181 quoque,

164 1209 262 1251 quae
290 1194 442 1250 quidem
471 1211 586 1238 causa
605 1195 919 1252 Peerlkampium‚
948 1196 1012 1251 qui
1038 1199 1159 1236 totum
1188 1208 1335 1235 carmen
1362 1193 1560 1251 Archytae
1588 1196 1797 1236 orationem
1825 1209 1906 1237 esse
1934 1200 2061 1252 putat,
2089 1196 2206 1237 movit
2233 1200 2276 1235 ut
2304 1208 2363 1234 vv.
2388 1192 2447 1236 19.
2468 1192 2534 1233 20.

162 1260 365 1301 eiiciendos
387 1267 572 1311 censeret,
601 1261 736 1302 scilicet
753 1267 797 1302 ut
817 1261 878 1302 illa
899 1267 1134 1302 necterentur
1153 1275 1235 1301 cum
1257 1260 1317 1301 his
1335 1259 1480 1301 verbis:
1503 1264 1608 1300 exitio
1627 1269 1680 1301 est
1694 1264 1840 1301 avidum
1856 1277 1954 1301 mare
1973 1265 2103 1301 nautis.
2130 1260 2209 1301 Sed
2225 1259 2272 1301 de
2286 1275 2345 1300 vv.
2365 1258 2535 1300 ¹7—20.

163 1332 253 1382 post
281 1326 502 1370 videbimus.
539 1327 693 1370 Accedit
720 1327 821 1383 quod
849 1326 1045 1383 naufragio
1072 1328 1177 1368 eiecti
1205 1341 1343 1383 corpus
1369 1341 1449 1368 non
1475 1341 1621 1383 prope
1648 1326 1737 1369 litus
1764 1341 1846 1369 esse
1873 1325 2072 1369 dicendum
2098 1332 2213 1376 esset,
2241 1323 2310 1368 sed
2335 1326 2383 1367 in
2408 1322 2536 1372 litem

163 1398 263 1433 recte
292 1406 380 1433 vero
398 1393 596 1449 Archytae
624 1393 835 1449 sepulcrum
861 1407 942 1434 esse
970 1407 1115 1449 prope
1143 1392 1231 1434 litus
1258 1392 1408 1433 dicitur.
1435 1392 1514 1434 lam
1543 1393 1609 1447 qui
1636 1392 1833 1448 Archytae
1860 1394 2068 1433 orationem
2095 1392 2181 1434 inde
2209 1406 2232 1433 a
2259 1406 2294 1432 v.
2309 1391 2347 1432 7.
2375 1390 2537 1445 incipere

162 1458 312 1507 volunt,
340 1460 451 1500 etiam
480 1460 636 1515 gravius
664 1465 827 1515 peccant.
875 1458 1044 1508 Tantali,
1073 1457 1246 1506 Tithoni,
1284 1458 1444 1505 Minois,
1477 1456 1723 1514 Pythagorae
1755 1456 1929 1514 exempla
1965 1456 2013 1499 ab
2040 1456 2216 1513 Archyta
2243 1456 2373 1498 dicunt
2400 1454 2536 1503 afferri,

161 1529 206 1566 ut
232 1523 416 1565 moriendi
444 1526 702 1565 necessitatem
731 1538 812 1565 esse
840 1523 988 1573 doceat,
1015 1538 1106 1580 ergo
1135 1525 1245 1565 etiam
1274 1522 1344 1564 sibi
1372 1522 1488 1564 fuisse
1516 1522 1764 1564 moriendum.
1798 1523 1855 1565 At
1880 1536 1970 1565 num
1998 1528 2117 1565 nauta
2142 1522 2190 1564 de
2218 1522 2290 1564 hac
2315 1522 2536 1563 necessitate

160 1590 368 1638 dubitabat,
395 1595 441 1631 ut
468 1589 662 1632 docendus
690 1590 815 1631 esset?
844 1589 943 1637 Quid
969 1595 1045 1631 tam
1073 1589 1187 1645 longa
1214 1591 1382 1631 oratione
1410 1603 1509 1645 opus
1536 1588 1645 1631 erat?
1674 1588 1753 1631 Cur
1780 1591 2013 1638 nonstatim
2040 1588 2080 1631 id
2107 1590 2187 1645 agit
2211 1593 2273 1638 ut,
2303 1587 2406 1643 quod
2422 1600 2536 1642 quam

148 1655 338 1697 celerrime
365 1654 448 1695 fieri
478 1660 620 1711 optare
648 1669 734 1695 eum
761 1669 911 1695 neeesse
939 1660 1012 1704 est,
1051 1654 1281 1710 sepulturam
1300 1653 1438 1710 petat?
1475 1655 1531 1696 At
1557 1654 1730 1712 exempla
1758 1654 1822 1696 illa
1849 1655 2044 1711 Archytas
2072 1654 2198 1704 affert,
2230 1659 2276 1694 ut
2301 1655 2414 1695 etiam
2441 1652 2535 1694 alios

152 1725 325 1777 quamvis
353 1737 514 1777 magnos
543 1728 582 1762 et
608 1724 688 1762 sive
716 1737 873 1777 genere,
909 1723 986 1762 sive
1013 1720 1308 1776 pulchritudine,
1343 1722 1420 1761 sive
1448 1723 1651 1776 sapientia,
1679 1723 1756 1762 sive
1785 1720 1958 1763 doctrina
1983 1720 2206 1763 excellentes
2233 1722 2336 1761 viros
2364 1725 2536 1762 mortuos

150 1802 235 1829 esse
264 1786 404 1829 doceat
425 1801 634 1844 corumque
663 1786 847 1843 exemplis
875 1802 916 1829 se
944 1788 1051 1843 quasi
1081 1786 1307 1828 consoletur.
1364 1785 1506 1828 Verum
1533 1788 1723 1829 enimvero
1751 1786 1924 1843 equidem
1950 1785 2061 1829 valde
2087 1800 2237 1836 vereor,
2265 1800 2313 1828 ne
2340 1785 2536 1843 Archytas

148 1859 229 1895 tum
256 1852 315 1894 vel
343 1854 593 1910 arrogantiae
622 1854 745 1909 possit
773 1855 960 1903 accusari,
995 1854 1058 1909 qui
1093 1865 1177 1893 cum
1210 1851 1390 1892 heroibus
1422 1857 1459 1893 et
1492 1867 1515 1894 a
1551 1852 1636 1894 love
1670 1854 1854 1909 originem
1890 1851 2112 1894 ducentibus
2147 1853 2237 1893 viris
2267 1865 2306 1892 se
2334 1858 2536 1909 comparet,

153 1919 212 1959 vel
239 1919 419 1967 levitatis,
457 1933 544 1960 cum
572 1918 620 1960 de
650 1919 877 1973 Pythagora
905 1922 985 1973 ipse
1014 1919 1280 1973 Pythagoreus
1308 1920 1359 1957 ita
1386 1917 1573 1972 loquatur,
1601 1925 1645 1958 ut
1672 1921 1704 1959 si
1732 1933 1818 1958 eum
1845 1918 2001 1959 irridere
2028 1918 2137 1966 velit;
2171 1917 2217 1958 de
2252 1933 2329 1972 qua
2363 1919 2535 1958 irrisione

157 1982 254 2026 insra
288 1983 464 2040 pluribus
499 1982 658 2026 dicetur.
714 1983 886 2026 Maxime
920 1998 1011 2025 vero
1045 1984 1156 2025 etiam
1183 1981 1257 2025 hoe
1291 1980 1423 2024 salsam
1456 1981 1555 2026 illam
1588 1998 1670 2026 esse
1705 1985 1889 2026 rationem
1924 1982 2175 2033 demonstrat,
2210 1981 2314 2038 quod
2340 1981 2536 2039 Archytas

156 2051 385 2109 ineptissime
412 2065 448 2092 v.
471 2050 530 2094 14.
560 2049 718 2093 diceret:

820 2116 945 2157 Iudice
974 2122 1016 2156 te
1043 2130 1120 2157 non
1149 2115 1326 2156 sordidus
1354 2122 1484 2157 auctor

817 2182 988 2225 Naturae
1010 2183 1175 2237 verique,

158 2248 206 2291 ad
233 2254 370 2291 nautae
398 2250 570 2306 quamvis
597 2264 676 2290 non
702 2248 814 2305 plane
844 2247 986 2290 indocti
1012 2261 1225 2304 provocans
1251 2246 1446 2297 iudicium,
1480 2249 1539 2289 cui
1566 2247 1803 2289 incommodo
1837 2253 1880 2289 ut
1914 2246 2169 2295 mederentur,
2204 2246 2358 2304 quidam
2383 2262 2437 2288 me
2463 2263 2534 2306 pro

158 2324 189 2355 re
225 2314 461 2357 scribendum
502 2318 575 2356 rati
611 2317 723 2356 etiam
767 2316 889 2356 maius
930 2315 1063 2355 vitium
1103 2313 1321 2354 intulerunt.
1384 2313 1539 2355 Rectius
1583 2315 1700 2370 igitur
1733 2315 1759 2354 ii
1808 2315 1874 2369 qui
1913 2319 2051 2355 nautae
2086 2315 2292 2357 orationem
2330 2329 2451 2372 usque
2485 2316 2533 2358 ad

159 2395 193 2420 v.
223 2381 276 2422 20
304 2383 488 2436 pertinere
517 2386 670 2422 censent
695 2381 895 2436 Archytae
931 2379 1098 2434 reliquos
1126 2393 1259 2419 versus
1287 2378 1481 2427 tribuunt,
1520 2381 1559 2420 in
1586 2379 1659 2420 hoc
1686 2384 1809 2420 tamen
1838 2384 2024 2428 errantes,
2058 2379 2161 2434 quod
2188 2379 2401 2436 Archytam
2427 2381 2533 2423 illum

159 2458 240 2485 esse
274 2447 487 2500 opinantur.
535 2445 612 2487 sed
648 2453 773 2487 tamen
807 2445 895 2495 suit,
932 2460 1001 2486 eur
1037 2450 1096 2485 tot
1133 2446 1201 2486 viri
1230 2443 1330 2485 docti
1364 2445 1572 2485 orationem
1599 2443 1774 2499 naufragi
1809 2445 1886 2486 sive
1910 2444 2120 2500 Archytae,
2148 2446 2225 2487 sive
2252 2445 2348 2488 alius
2376 2445 2533 2503 alicuius

161 2524 183 2550 a
209 2524 244 2549 v.
272 2510 309 2551 7.
338 2512 551 2566 inciperent.
600 2510 696 2552 Nam
725 2517 769 2552 ut
795 2525 897 2552 nunc
923 2515 1057 2566 poetae
1087 2509 1203 2550 verba
1231 2508 1426 2566 leguntur,
1461 2508 1571 2549 haec:

809 2575 955 2618 Occidit
980 2581 1018 2617 et
1048 2574 1199 2631 Pelopis
1227 2576 1393 2630 genitor,
1421 2575 1578 2615 conviva
1604 2574 1771 2624 deorum,
1799 2580 1882 2617 cett.

159 2653 238 2681 non
256 2641 306 2681 ita
329 2646 417 2682 sunt
436 2647 668 2697 comparata,
696 2647 741 2683 ut
763 2647 849 2697 apte
877 2656 960 2683 cum
990 2643 1036 2682 iis
1065 2655 1163 2697 quae
1191 2639 1424 2696 praecedunt
1442 2653 1614 2682 connexa
1637 2654 1718 2682 esse
1742 2640 1958 2692 videantur3
1984 2641 2052 2685 sed
2073 2656 2228 2698 quoquo
2250 2642 2364 2685 modo
2382 2657 2532 2686 carmen

160 2706 371 2746 institutum
407 2721 488 2748 esse
521 2709 731 2763 putaveris,
766 2707 923 2749 haereas
958 2707 1033 2749 illic
1060 2721 1211 2749 necesse
1246 2711 1316 2748 est.
1372 2705 1481 2747 Latet
1508 2708 1605 2748 enim
1635 2706 1695 2748 hic
1723 2709 1852 2749 vitium
1881 2707 1985 2764 quod
2013 2710 2127 2750 unius
2153 2708 2298 2750 litterae
2326 2710 2531 2750 mutatione

160 2770 358 2813 sustulisse
387 2773 476 2814 mihi
502 2773 643 2817 videor.

340 2838 416 2878 lam
443 2838 639 2882 dicendum
667 2846 724 2882 est
751 2840 798 2882 de
825 2855 957 2882 eorum
985 2840 1197 2882 rationibus
1232 2841 1297 2896 qui
1332 2843 1449 2881 totam
1485 2838 1598 2880 huius
1632 2841 1803 2881 carminis
1832 2842 2040 2882 orationem
2074 2842 2140 2882 uni
2166 2841 2349 2883 tribuunt.
2404 2841 2530 2898 Atque

161 2904 223 2944 hic
249 2905 372 2958 primo
399 2903 482 2944 loco
511 2907 821 2947 commemorandi
851 2913 942 2948 sunt
968 2914 1112 2948 veteres
1140 2910 1382 2962 interpretes,
1418 2906 1547 2946 Acron
1573 2914 1610 2946 et
1639 2906 1872 2962 Porphyrio,
1909 2909 1975 2961 qui
2007 2907 2100 2948 haec
2131 2906 2308 2949 tradunt:
2343 2911 2533 2949 Inducitur

159 2984 293 3021 corpus
329 2972 500 3020 naufraqi
531 2972 705 3022 Archytae
744 2975 929 3013 Tarentini
967 2976 1021 3013 ad
1058 2976 1141 3013 litus
1177 2976 1366 3026 expulsum
1400 2975 1571 3023 conqueri
1602 2975 1647 3012 de
1681 2976 1814 3013 iniuria
1846 2988 1916 3013 sua
1955 2982 1989 3013 et
2021 2988 2046 3013 α
2077 2976 2382 3027 praetereuntibue
2412 2981 2532 3026 petere

149 3039 380 3087 sepuuuram.
437 3033 616 3075 Similiter
649 3044 916 3079 commentator
951 3038 1209 3094 Cruquianus:
1250 3041 1356 3079 Haec
1392 3040 1457 3077 ode
1494 3036 1539 3077 ἐκ
1567 3040 1640 3095 τῆς
1666 3038 1992 3093 προσωποποιίας
2035 3043 2173 3079 inducit
2198 3054 2329 3091 corpus
2363 3043 2535 3092 nandi-aqi

151 3100 332 3151 Archytae
358 3102 411 3139 ad
436 3103 519 3138 litus
547 3104 734 3150 expulsum
761 3108 930 3154 conqueri
955 3119 1034 3143 cum
1063 3113 1172 3144 nauta
1195 3111 1443 3155 praetereunte
1469 3105 1514 3142 de
1541 3106 1691 3152 iniuria,
1720 3108 1794 3144 nisi
1819 3108 1865 3144 ab
1887 3120 1927 3144 eo
1955 3108 2160 3156 sepeliatur.
2196 3102 2319 3151 Quam
2346 3106 2529 3147 rationem

150 3163 347 3221 adoptavit
373 3163 676 3221 Peerlkampius‚
716 3167 826 3207 simul
861 3167 908 3209 de
935 3170 1158 3224 pronomine
1195 3178 1226 3211 te
1260 3184 1296 3210 v.
1332 3171 1382 3219 1.,
1427 3167 1528 3224 quod
1562 3168 1615 3211 illi
1649 3170 1788 3212 rationi
1822 3168 2016 3211 adversari
2045 3168 2161 3212 videri
2196 3173 2332 3225 potest,
2362 3183 2527 3212 monens.

2713 2309 2720 2353 ...u
2712 2186 2720 2298 ημῳᾈᾼ
2712 2119 2720 2179 μμ.
2716 2082 2720 2109 μμ
2717 2066 2720 2071 ,
2717 2025 2720 2050 „-
2718 2009 2720 2012 r
