2720 3459
1454 107 1513 153 28

298 254 374 294 lam
403 256 527 295 omnia
555 253 668 309 plana
696 259 733 293 et
761 259 902 308 aperta.
952 251 1161 293 infaustum
1192 251 1511 308 Clytaemnestrae
1539 252 1725 293 somnium
1752 249 1889 293 dicitur
1913 250 2048 307 pelian
2067 251 2200 308 τέρας,
2229 267 2350 309 neque
2378 252 2416 295 id
2443 255 2496 295 ita
2523 253 2668 294 venisse

298 324 340 361 ut
367 317 622 360 interfectores
651 332 695 359 eo
723 317 932 375 gaudeant,
968 332 1045 358 non
1079 317 1178 359 laeta
1212 319 1441 376 portendens
1475 319 1627 359 venisse.
1681 315 1861 358 Similiter
1897 325 2008 374 atque
2042 317 2104 359 hic
2140 318 2249 376 ἥκειν
2277 323 2314 360 et
2339 319 2447 377 ἡμῖν,
2482 321 2536 360 sie
2572 319 2666 360 Oed.

298 385 377 426 Col.
413 385 526 428 1021.
555 386 664 443 ἥκων
692 390 729 425 et
756 385 871 441 ἡμῶν
900 385 1069 426 confusa.
1124 384 1343 440 Legendum
1372 392 1429 426 est
1455 387 1569 425 enim:
1599 384 1666 429 ἵν’,
1704 384 1740 424 εἷ
1766 383 1843 437 μὲν
1871 383 1915 424 ἐν
1943 384 2094 425 τόποισι
2123 384 2250 429 τοῖςδ’
2278 383 2387 442 ἔχεις
2413 385 2486 431 τὰς
2507 384 2666 433 παῖδας,

298 453 407 509 ἥκων
435 452 559 498 αὐτὸς
584 450 769 508 ἐκδείὲῃς
796 450 898 506 ἐμοί.
928 450 1028 493 ldem
1057 466 1180 507 nuper
1207 451 1302 494 vidit
1327 451 1376 494 A.
1404 449 1608 493 Nauckius.

695 517 741 560 V.
762 517 855 562 600.
885 532 932 560 s.:
961 518 984 559 ὑ
1014 517 1056 559 δ’
1085 517 1232 564 ἄλλος
1257 516 1353 567 ἔξω,
1375 519 1500 575 χεῖρα
1527 516 1602 574 σὴν
1626 515 1743 571 μόλις
1768 517 1925 573 φυγών,

958 584 1117 642 τλήμων
1142 582 1338 641 Ὀρέστης,
1367 582 1539 639 δυςτυχῆ
1564 581 1697 637 τρίβει
1723 582 1830 636 βίον.

298 652 390 692 Mihi
418 665 489 707 pro
518 649 651 701 ἄλλος,
687 650 791 706 quod
819 650 908 692 ferri
936 665 1014 691 non
1041 665 1155 706 posse
1184 652 1257 691 iam
1287 649 1349 691 alii
1375 647 1652 697 intellexerunt,
1680 648 1919 690 scribendum
1947 648 2095 692 videtur
2121 647 2173 691 αὖ
2204 649 2299 691 τότ’;

959 718 982 758 ὁ
1012 716 1054 758 δ’
1082 714 1141 757 αὖ
1170 715 1267 757 τότ’
1295 713 1376 762 ἔξω
1396 716 1520 771 χεῖρα
1547 713 1623 771 σὴν
1648 713 1765 768 μόλις
1791 715 1948 771 φυγών,
1967 739 2021 746 —-

294 781 417 822 Etiam
448 796 483 822 v,
514 782 606 826 749.
637 781 757 826 ἄλλος
784 783 879 823 male
908 785 1072 837 positum
1099 784 1136 821 in
1165 780 1292 822 libris:

957 845 1187 904 ἠλαυνέτην,
1218 845 1314 887 τότ’
1341 843 1501 894 ἄλλος,
1531 841 1675 884 ἄλλοθ’
1703 843 1854 899 ἅτερος

958 912 1067 968 κάρα
1095 912 1340 968 προβάλλων
1368 911 1531 950 ἱππικῶν
1559 909 1788 967 ὀχημάτων.

666 979 932 1020 Scribendum:
960 977 1192 1035 ἠλαυνέτην,
1220 977 1294 1019 ὅδ’
1323 975 1494 1024 ἄλλοτ’,
1521 974 1664 1017 ἄλλοθ’
1692 975 1842 1032 ἅτερος
1862 1001 1935 1017 —.

285 1041 377 1086 Ὄδε
408 1045 574 1087 Orestes.
606 1045 793 1100 Opposita
821 1051 911 1086 sunt
937 1044 1052 1085 verba
1081 1058 1149 1099 per
1177 1044 1394 1085 chiasmum.

475 1109 522 1153 V.
543 1110 637 1157 853.
665 1110 740 1154 l'ro
768 1107 930 1167 εἴδομεν
959 1108 986 1152 ἃ
1016 1108 1162 1167 θροεῖς
1188 1110 1297 1153 metri
1317 1122 1428 1152 causa
1448 1107 1602 1150 coniicio
1631 1106 1793 1166 εἴδομεν
1820 1107 2050 1168 ἁνθρηνεῖς,
2080 1110 2104 1151 i.
2124 1121 2155 1151 e.
2179 1108 2206 1150 ἃ
2229 1107 2487 1168 ἀναθρηνεῖς.
2521 1108 2664 1167 Θροεῖν

294 1183 330 1217 et
360 1175 527 1234 θρηνεῖν
555 1177 710 1217 confusa
738 1179 849 1217 etiam
878 1177 942 1217 Ai.
971 1176 1086 1219 582..

473 1242 518 1284 V.
545 1242 659 1287 1060.
681 1257 711 1284 s.
733 1242 876 1283 malim:
904 1242 983 1298 ἀφ’
1005 1241 1064 1285 ὧν
1086 1257 1130 1285 τε
1152 1242 1373 1296 βλάστωσ’,
1395 1242 1400 1297 Ι
1422 1240 1517 1284 ἀπό
1540 1239 1587 1284 θ’
1613 1240 1680 1283 ὧν
1709 1240 1845 1298 ὄνησιν
1864 1240 2018 1298 εὕρωσι
2043 1255 2116 1298 pro
2142 1241 2220 1298 ἀφ’
2239 1241 2297 1283 ὧν
2320 1256 2362 1284 τε
2382 1241 2548 1296 βλάστω
2571 1243 2577 1298 Ι
2603 1258 2663 1284 σιν

294 1308 380 1364 ἀφ’
414 1307 479 1350 ὧν
517 1308 553 1349 τ’
587 1307 723 1365 ὄνησιν
757 1307 924 1364 εὕρωσι.
953 1332 1008 1340 —
1044 1308 1159 1357 Quod
1185 1323 1221 1350 ν.
1256 1308 1367 1352 1075.
1403 1306 1714 1349 Schneidewinus
1748 1306 1792 1349 E.
1820 1306 2090 1349 Hoffmannum
2126 1309 2327 1349 coniecisse
2355 1307 2445 1349 dicit
2474 1306 2663 1363 Ἠλέκτρα

294 1373 391 1414 τόσ’
418 1373 497 1414 ἀεὶ
523 1375 680 1429 πατρὸς
708 1375 714 1427 Ι
744 1374 900 1415 δειλαία
928 1375 1184 1430 στενάχουσ’,
1211 1375 1307 1416 idem
1336 1389 1404 1430 ego
1434 1388 1585 1428 quoque
1613 1373 1871 1429 reponendum
1901 1388 2117 1415 censueram
2146 1388 2217 1429 pro
2247 1374 2331 1415 τὸν
2359 1374 2447 1415 αἐί.

821 1439 867 1481 V.
894 1439 1009 1484 1391.
1040 1453 1112 1482 ssa
1140 1441 1362 1496 παράγεται
1391 1438 1468 1495 γὰρ
1498 1437 1651 1494 ἐνέρων

1140 1506 1350 1552 δολιόπους
1374 1506 1540 1562 ἀρωγὸς
1564 1504 1663 1547 εἴσω
1679 1505 1851 1560 averae,

1141 1572 1434 1630 ἀρχαιόπλουτα
1463 1571 1619 1628 πατρὸς
1643 1571 1704 1617 εἷς
1731 1569 1894 1617 ἑδώλια,

1140 1637 1392 1694 νεακόνητον
1419 1638 1518 1693 αἷμα
1541 1639 1701 1695 χειροῖν
1729 1635 1829 1695 ἔχω
1840 1652 1872 1677 ν.

291 1704 416 1746 Ultimi
446 1719 579 1746 versus
608 1705 828 1761 depravatio
857 1706 931 1746 iam
959 1706 1186 1760 perantiqua
1213 1710 1287 1754 est,
1325 1718 1406 1745 cum
1434 1703 1519 1745 inde
1545 1717 1725 1760 perversa
1751 1704 1914 1745 nominis
1942 1702 2043 1757 αἷμα
2070 1702 2284 1759 explicatio,
2314 1717 2388 1758 qua
2418 1703 2455 1745 id
2482 1717 2553 1759 pro
2582 1720 2663 1744 ense

288 1772 455 1826 positum
483 1766 633 1820 dicitur,
662 1776 746 1812 orta
775 1773 835 1812 sit.
864 1770 921 1812 At
947 1769 1085 1812 talibus
1116 1769 1294 1812 machinis
1322 1784 1396 1811 non
1423 1776 1478 1811 est
1505 1784 1614 1827 opus.
1644 1769 1912 1813 Scribendum:

1087 1836 1337 1893 νεοκόνητον
1364 1836 1462 1891 αἷμα
1484 1839 1644 1894 χειροῖν
1666 1835 1812 1893 χέων.

291 1903 444 1946 Orestes
467 1905 506 1944 in
529 1903 684 1945 domum
707 1902 907 1944 adducitur
932 1917 1072 1944 novum
1094 1904 1312 1957 sanguinem
1332 1902 1501 1943 manibus
1521 1902 1768 1959 profusurus,
1796 1915 1933 1943 novam
1958 1900 2107 1943 caedem
2133 1900 2313 1943 facturus.
2341 1902 2401 1944 Ac
2429 1903 2662 1960 νεοκόνητον

292 1967 445 2025 quidem
473 1973 573 2011 recte
602 1969 674 2009 iam
705 1967 945 2010 Hermannus
974 1982 1058 2009 cum
1082 1966 1210 2008 Schol.
1232 1967 1340 2009 Rom.
1359 1966 1545 2018 lemmate,
1573 1967 1640 2009 sed
1668 1966 1771 2024 quod
1798 1967 1980 2024 explicat:
2009 1982 2129 2008 recens
2153 1973 2308 2020 profuso
2335 1973 2509 2020 sanquine
2536 1984 2662 2013 manus

292 2049 508 2086 conspersas
536 2038 686 2082 habens,
716 2048 944 2090 magnopere
972 2039 1093 2082 errat3
1122 2047 1206 2074 nam
1235 2034 1364 2076 caedes
1391 2036 1557 2076 nondum
1586 2041 1644 2077 est
1671 2035 1780 2085 sacta,
1810 2036 1876 2077 sed
1905 2035 2045 2077 futura.
2083 2035 2185 2077 Vera
2211 2037 2400 2091 scriptura
2430 2036 2662 2093 νεοκόνητον

288 2100 392 2154 αἷμα
415 2102 575 2157 χειροῖν
604 2097 712 2175 ἔχων
747 2101 801 2141 sic
829 2104 973 2141 tantum
1009 2107 1141 2154 posset
1167 2113 1264 2149 esse,
1298 2101 1330 2141 si
1357 2103 1514 2157 χειροῖν
1552 2098 1660 2159 ἔχων
1694 2100 1836 2144 dictum
1870 2107 1969 2144 esset
2002 2115 2073 2159 pro
2108 2099 2152 2142 ἐν
2178 2103 2326 2159 χεροῖν
2360 2098 2485 2160 ἔχων,
2516 2118 2661 2156 parans

290 2181 419 2206 novam
446 2169 611 2214 caedem5
654 2167 777 2206 minus
814 2170 944 2220 aptum
988 2172 1113 2204 tamen
1154 2166 1204 2204 ita
1240 2163 1334 2205 foret
1375 2181 1415 2206 νε
1396 2166 1607 2225 ..οκόνητον
1645 2167 1839 2225 epitheton
1872 2167 1919 2208 de
1955 2166 2083 2208 sutura
2119 2167 2240 2208 caede.
2299 2167 2375 2209 Sed
2409 2175 2560 2225 recepto
2597 2169 2660 2209 illo

291 2232 525 2289 νεοκόνητον
553 2231 792 2273 scribendum
815 2246 868 2288 χε
849 2230 942 2281 ’,ων
971 2236 1014 2271 ut
1043 2232 1091 2271 sit
1120 2229 1233 2271 futuri
1262 2234 1505 2288 participium.
1533 2233 1590 2275 De
1612 2233 1742 2276 futuro
1765 2233 1856 2292 χέω
1882 2233 1958 2276 vid.
1978 2233 2198 2277 Buttmann.
2222 2234 2287 2276 Gr.
2310 2234 2422 2291 ampl.
2443 2234 2487 2277 ll.
2506 2249 2546 2292 p.
2566 2235 2659 2281 436.

288 2297 345 2340 ed.
369 2300 420 2346 1.‚
450 2311 486 2354 p
508 2297 600 2341 325.
629 2297 688 2338 ed.
709 2298 760 2340 2..
789 2295 983 2352 Exemplis
1012 2295 1062 2337 ibi
1092 2296 1212 2337 allatis
1240 2296 1399 2339 addatur
1426 2299 1622 2356 Aristoph.
1652 2300 1745 2356 Lys.
1771 2299 1872 2345 197..
1902 2299 2049 2342 Aoristi
2079 2298 2178 2357 ἔχεα
2209 2306 2246 2342 et
2272 2299 2390 2343 futuri
2413 2300 2503 2358 χέω
2531 2301 2660 2344 eadem

289 2370 347 2406 est
375 2367 473 2406 ratio
501 2378 598 2420 quae
627 2366 817 2419 epicarum
846 2363 1051 2403 formarum
1081 2365 1209 2403 aoristi
1240 2361 1375 2419 ἔχευα,
1402 2364 1516 2406 futuri
1539 2366 1670 2423 χεύω.

687 2428 737 2470 V.
772 2428 887 2471 1422.
916 2442 966 2468 s.:
1008 2442 1074 2468 και
1100 2442 1180 2485 μην
1207 2429 1387 2483 πάρεισιν
1414 2430 1518 2472 οιδε·
1547 2431 1683 2488 φοινία
1711 2431 1759 2472 δὲ
1781 2446 1879 2490 χειρ

1004 2493 1137 2540 στάζει
1167 2493 1320 2549 θυηλῆς
1336 2491 1486 2549 Ἄρεος,
1515 2497 1608 2538 οὐδ’
1636 2496 1733 2554 ἔχω
1761 2496 1939 2549 λέγειν.

290 2562 480 2619 Corrupta
506 2561 637 2604 ultima
666 2575 747 2604 esse
775 2574 905 2603 omnes
932 2560 1190 2609 consentiunt,
1216 2559 1280 2602 sed
1299 2574 1418 2617 neque
1440 2562 1577 2619 ψέγειν
1595 2562 1798 2614 Erfurdtii,
1825 2578 1946 2620 neque
1976 2562 2129 2618 σέγειν
2149 2563 2325 2622 Reisigii‚
2354 2580 2473 2623 neque
2495 2565 2658 2621 βλέπειν

288 2628 441 2672 Arndtii
469 2643 541 2685 pro
568 2628 697 2683 λέγειν
724 2626 880 2684 probari
907 2631 1044 2683 potest.
1073 2625 1171 2667 Mihi
1198 2625 1431 2668 scribendum
1461 2629 1624 2671 videtur:

1215 2692 1350 2748 φοινία
1379 2693 1424 2734 δὲ
1447 2696 1541 2751 χεὶρ

1001 2758 1136 2807 στάζει
1165 2756 1319 2817 θυηλῆς
1335 2754 1487 2814 Ἄρεος,
1515 2760 1611 2802 οὐδέ
1637 2762 1747 2804 πω’ν
1775 2762 1925 2813 τέλει,

286 2838 434 2869 cruenta
460 2843 590 2868 manus
619 2843 642 2866 a
672 2830 805 2866 Martis
834 2830 960 2874 hostia,
988 2827 1010 2867 i.
1039 2839 1071 2866 e.
1100 2841 1123 2865 a
1152 2828 1277 2873 caede,
1305 2828 1416 2865 stillat
1441 2830 1588 2867 necdum
1614 2844 1685 2869 rem
1712 2833 1871 2880 absolvit,
1898 2835 1947 2872 ist
1971 2835 2061 2872 noch
2090 2836 2185 2873 nieht
2211 2848 2270 2873 am
2299 2836 2417 2882 Ende,
2446 2835 2536 2873 noch
2563 2836 2658 2873 nicht

273 2900 400 2949 sertiq,
428 2909 516 2937 nam
545 2893 723 2950 Aegisthi
751 2898 867 2934 restat
894 2891 1036 2934 caedes.
1067 2890 1145 2934 Csr.
1174 2890 1313 2933 Aesch.
1343 2890 1468 2933 Prom.
1496 2892 1604 2936 742:
1632 2892 1706 2940 οὓς
1732 2894 1812 2952 γὰρ
1842 2898 1911 2937 νῦν
1938 2896 2119 2953 ἀκήκοας
2142 2897 2300 2952 λόγους,
2329 2896 2430 2939 εἶναι
2458 2895 2566 2939 δόκει
2593 2912 2656 2939 σοι

283 2959 496 3017 μηδέπω’ν
515 2957 754 3015 προοιμίοις.
784 2956 851 2999 Sin
880 2958 1020 3013 pariter
1047 2971 1091 2998 ac
1116 2958 1257 3013 passivi
1285 2969 1462 3012 praesens
1489 2971 1522 2997 v.
1549 2958 1659 3000 1344.
1689 2960 1936 3015 τελουμένων
1964 2960 2113 3017 εἴποιμ’
2141 2962 2202 3012 ἄν,
2231 2968 2268 3003 et
2285 2962 2377 3003 Eur.
2402 2961 2525 3004 Andr.
2545 2962 2655 3007 998:

287 3024 535 3079 τελουμένων
563 3023 610 3064 δὲ
639 3022 788 3077 Δελφὶς
813 3020 959 3062 εἴσεται
987 3022 1127 3077 πέτρα,
1156 3036 1228 3077 pro
1256 3021 1546 3075 τετελεσμένων
1573 3023 1629 3064 vel
1657 3025 1937 3076 τελεσθέντων,
1968 3028 2081 3072 τέλος
2107 3027 2297 3084 ἐχόντων,
2325 3030 2379 3069 sic
2400 3030 2509 3069 activi
2533 3030 2656 3070 τελεῖν

287 3104 356 3145 pro
385 3089 551 3140 τελέσαι,
580 3085 844 3138 τετελεκέναι,
875 3084 986 3133 τέλος
1013 3085 1119 3146 ἔχειν
1147 3093 1323 3145 ponatur,
1350 3085 1462 3130 scribi
1490 3088 1610 3144 possit
1636 3088 1733 3132 οὐδέ
1760 3105 1824 3133 πω
1853 3091 1967 3135 τελεῖ.
