2720 3459
1308 160 1368 214 13
2430 158 2468 187 ὲ

149 323 238 365 οΙίιιι
271 317 475 373 naufragio
507 316 669 372 perisse,
704 316 811 357 cuius
837 318 893 357 rei
920 316 1016 370 alius
1043 318 1150 359 testis
1178 321 1359 359 auctorve
1384 314 1514 357 nullus
1541 318 1669 364 extat,
1698 325 1813 370 quam
1838 326 1960 370 neque
1988 313 2178 372 Diogenes
2205 312 2380 358 Laertius
2406 329 2532 374 neque

150 385 289 430 Suidas
330 383 532 425 memoriae
573 379 752 438 prodidit.
805 380 885 422 lam
918 387 1075 424 nautam
1108 382 1283 426 obsecrat
1313 387 1359 424 ut
1391 395 1532 438 corpus
1566 395 1679 422 suum
1713 380 1886 441 sepeliat3
1931 380 2035 436 quod
2069 382 2102 422 si
2136 379 2285 431 secu-it,
2319 393 2468 425 sumna
2494 386 2530 426 ci

148 450 315 510 praemia
330 462 353 491 a
366 445 455 490 Iove
465 445 722 504 Nepmnoqm
733 450 861 504 optat3
882 448 941 489 sin
955 448 1092 499 ninius,
1111 449 1358 507 gravissimas
1376 461 1522 506 poenas
1542 445 1600 490 vel
1619 446 1692 505 ipsi
1710 446 1770 489 vel
1789 447 1954 504 posteris
1974 447 2056 489 eius
2074 448 2305 505 imprecatur
2322 446 2528 493 certissimae

149 520 435 564 consecuturas3
461 526 506 555 ac
532 526 580 554 nc
607 512 705 554 forte
732 522 868 554 cimus
894 510 1168 557 festinationem
1194 519 1370 565 exctrset,
1395 515 1555 571 ⁴operam
1582 513 1674 555 dicit
1700 526 1782 554 esse
1809 512 2079 554 brevissimam.
2127 512 2190 555 Ex
2216 524 2264 555 eo
2291 524 2396 564 vero,
2425 513 2531 570 quod

149 581 306 627 Tarenti
325 585 457 623 custos
473 577 676 636 Neptunus
696 579 906 629 invocatur,
932 578 1239 624 verisimifflnum
1266 589 1383 638 atque
1410 581 1507 624 adeo
1531 586 1675 623 ceruam
1702 585 1762 622 est
1786 577 2036 622 Tarentinum
2064 587 2146 621 esse
2171 586 2339 631 nautam,
2368 578 2408 623 id
2426 580 2532 638 quod

149 664 200 693 ex
234 648 373 705 insigni
405 645 515 689 navis
547 645 712 703 perspici
744 648 915 702 poterat3
952 646 1064 689 ctiam
1089 646 1317 713 naufiagum
1342 662 1427 692 esse
1454 652 1554 692 certe
1581 645 1778 704 probabile
1805 651 1885 698 est3
1919 642 2023 702 quod
2050 643 2083 688 si
2111 646 2164 688 ita
2190 657 2229 689 se
2256 645 2390 698 habet,
2422 652 2542 691 tanto·

150 715 285 756 iustius
313 711 374 753 ille
402 713 493 753 civis
521 716 559 752 et
584 710 782 769 popularis
810 712 871 752 sui
899 711 1076 769 implorat
1097 703 1292 756 auxilium.

328 822 527 862 Postremo
563 820 655 862 mihi
689 820 879 877 reliquum
914 825 989 871 est,
1026 826 1071 862 ut
1102 827 1243 879 quanta
1268 824 1468 881 utriusque
1496 822 1681 865 orationis
1708 822 1876 880 partium
1904 822 1955 862 sit
1980 820 2189 878 aequalitas
2216 821 2416 873 declarem,
2452 837 2531 880 quo

152 889 254 944 quod
282 887 496 930 Meinekius
523 889 606 929 iure
634 889 846 941 meritoque
869 889 908 928 in
934 887 1083 943 vulgari
1109 891 1254 931 ratione
1280 885 1485 939 desiderat,
1511 889 1552 931 id
1580 887 1713 931 adesse
1740 895 1778 931 ct
1805 902 1990 963 apparere
2017 888 2283 930 demonstrem.
2335 890 2394 931 Ac
2417 892 2532 944 primi

152 953 303 1010 quidem
331 951 409 994 duo
437 964 571 994 versus
599 952 639 993 in
665 956 829 1007 utraque
861 952 1032 994 oratione
1066 951 1199 995 docent
1234 967 1329 1010 quae
1367 953 1418 997 sit
1449 967 1615 1021 persona
1639 954 1769 1012 priore
1797 952 1883 996 loco
1911 954 1993 997 eius
2022 954 2089 1009 qui
2116 951 2379 1010 compelletur,
2413 953 2530 998 altero

151 1018 351 1075 loquentis.
395 1016 498 1058 Tum
525 1017 729 1074 utrobique
756 1016 804 1058 de
831 1017 1026 1075 sepultura
1054 1032 1176 1060 sermo
1200 1025 1260 1061 est
1285 1025 1323 1062 et
1350 1019 1502 1078 quidem
1531 1019 2201 1064 vv.2-4:c0112·bent—nmm
2235 1019 2425 1077 sepultum
2450 1035 2531 1065 cese

151 1084 364 1141 Archytam
385 1083 540 1134 docent,
567 1093 627 1126 vv,
648 1080 831 1129 23-25.
858 1093 899 1125 at
914 1093 1024 1125 tu—
1039 1086 1144 1135 dare,
1171 1085 1316 1143 sepeliri
1339 1096 1379 1129 se
1399 1084 1492 1129 velle
1510 1086 1759 1145 naun-agumg
1786 1086 1826 1127 in
1855 1097 1934 1141 quo
1961 1091 2090 1127 tamen
2117 1077 2199 1127 non
2216 1085 2347 1127 eadem
2368 1088 2533 1128 emitur

151 1151 358 1207 aequalitas
387 1159 502 1206 quam
529 1148 633 1207 apud
661 1147 829 1193 Graecos
853 1154 988 1206 poetas
1014 1148 1234 1207 plerumque
1259 1151 1514 1204 videmus31n
1537 1153 1651 1195 tertio
1671 1156 1798 1195 tamen
1815 1160 1931 1194 versu
1952 1154 2118 1208 utroque
2136 1149 2223 1193 loco
2248 1151 2365 1194 cardo
2387 1152 2443 1194 rei
2463 1157 2533 1196 est.

151 1215 252 1260 Tum
286 1222 426 1259 nautae
459 1215 581 1258 lenius
615 1214 786 1257 irridenti
820 1214 984 1258 orationi
1017 1229 1077 1258 vv.
1105 1214 1229 1263 4-9.
1263 1232 1325 1259 nec
1351 1219 1552 1272 quidquem·
1579 1242 1632 1250 -
1659 1217 1861 1267 ada-iscus,
1882 1212 2104 1274 ,respondet
2137 1212 2319 1275 naustagi
2351 1214 2534 1259 mercedis

151 1285 296 1340 optatio
324 1296 383 1323 vv.
409 1279 590 1328 25-29:
617 1286 673 1324 aie
698 1285 947 1336 quodcumque
965 1286 1026 1316 *-
1055 1282 1220 1333 Τακηείς
1254 1281 1387 1327 deinde
1413 1281 1600 1327 irrisionis
1625 1288 1764 1326 nautae
1791 1283 1901 1340 quasi
1928 1279 2083 1341 fastigio
2111 1298 2173 1324 vv.
2201 1279 2362 1327 9--152
2389 1283 2533 1324 haberd-

152 1361 222 1401 que
247 1372 300 1379 —
326 1353 489 1402 verique,
515 1346 722 1405 respondet
754 1348 980 1404 gravissima
1005 1346 1400 1407 vehementissimaque
1426 1349 1603 1407 naun-agi
1629 1349 1850 1407 imprecatio
1875 1364 1937 1392 vv.
1964 1346 2150 1393 20—342
2179 1351 2336 1402 neqtequ
2365 1373 2416 1381 —
2442 1363 2534 1402 per·

151 1419 300 1464 solvent,
337 1417 375 1456 in
410 1414 548 1470 quibus
582 1419 720 1457 nautae
754 1416 878 1456 oratio
912 1428 992 1457 uno
1024 1415 1140 1457 verbo
1166 1418 1271 1471 prius
1304 1415 1435 1473 incipit
1464 1421 1503 1458 et
1528 1415 1680 1459 duobus
1710 1416 1863 1472 longius
1875 1410 2134 1471 producium
2169 1412 2238 1457 sed
2264 1413 2534 1464 nio—14,

152 1493 212 1521 v.v
240 1479 422 1530 30-34,
450 1481 516 1537 qui
544 1479 615 1522 sibi
641 1479 893 1537 respondent,
917 1482 988 1522 toti
1015 1481 1054 1522 in
1082 1495 1152 1523 sua
1176 1495 1219 1523 re
1242 1481 1446 1538 utrobique
1472 1489 1683 1524 vesanum
1734 1480 1815 1523 lam
1841 1485 2006 1537 utroque
2034 1479 2123 1522 loco
2154 1479 2328 1522 clausula
2354 1480 2531 1536 sequitur

150 1545 387 1602 praecedenti
412 1547 614 1603 utriusque
642 1547 808 1589 sermoni
835 1548 1072 1590 couveniens.
1086 1569 1142 1580 --
1165 1545 1230 1590 Sic
1252 1548 1370 1605 igitur
1395 1546 1558 1590 formam
1584 1545 1762 1590 earmffls
1788 1557 1872 1589 esse
1899 1547 2092 1603 egregiam
2118 1542 2359 1602 Horatioque
2384 1543 2532 1603 dignis-

153 1614 286 1654 simam
313 1612 407 1653 inihi
434 1610 567 1654 videor
592 1626 643 1654 ex
670 1613 792 1668 ipsius
818 1617 953 1669 poetae
980 1612 1109 1655 via-bis
1131 1612 1319 1655 evidenter
1343 1611 1674 1655 demonstravisse.
1720 1611 1801 1654 Sed
1828 1622 2060 1674 quamquam
2089 1611 2254 1653 duarum
2279 1619 2532 1675 personarum

153 1691 236 1720 esse
263 1679 472 1720 orationem
501 1677 703 1747 probatum
731 1683 807 1729 est,
834 1683 977 1730 tamen,
1012 1680 1046 1721 si
1073 1691 1098 1722 a
1122 1680 1265 1737 poetica
1290 1678 1467 1723 carminis
1492 1679 1617 1722 forma
1642 1677 1891 1730 discedimus,
1925 1691 2006 1721 non
2032 1677 2131 1721 maie
2155 1683 2284 1721 totum
2308 1679 2425 1722 unius
2453 1690 2534 1722 ser-

153 1757 301 1788 monem
336 1758 418 1788 esse
445 1743 570 1788 dicere
602 1742 820 1803 possumus.
875 1744 975 1789 Nam
1003 1745 1186 1803 quidquid
1210 1745 1418 1805 amn—:gns
1445 1746 1627 1804 loquitur,
1654 1748 1688 1789 si
1714 1757 1797 1789 rem
1822 1758 1951 1789 veram
1979 1744 2218 1803 quaerimus,
2243 1749 2384 1789 nautae
2413 1746 2533 1804 ipsius

153 1814 266 1852 animi
310 1813 439 1867 gravis
482 1817 541 1852 est
585 1811 812 1854 admonitio:
858 1811 951 1852 dum
977 1812 1151 1869 naufragi
1178 1824 1314 1870 corpus
1344 1815 1527 1869 conspicit
1559 1827 1620 1854 vv.
1647 1812 1715 1857 21.
1742 1812 1831 1863 22„
1870 1812 2039 1854 meminit
2080 1816 2259 1856 sanctum
2297 1811 2392 1854 iliud
2434 1813 2535 1854 inse-

154 1876 248 1933 pati
277 1878 449 1934 corporis
476 1876 660 1919 humandi
687 1874 853 1920 officium
881 1892 939 1918 vv.
965 1877 1147 1923 23—252
1171 1886 1213 1920 at
1233 1886 1270 1919 tu
1284 1901 1338 1910 —-
1361 1880 1474 1928 dam
1506 1893 1585 1935 quo
1612 1877 1712 1920 facto
1741 1882 1871 1935 sperat
1897 1876 1980 1920 sore
2006 1882 2052 1919 ut
2086 1889 2110 1919 a
2138 1875 2197 1919 dis
2225 1879 2436 1935 praemium
2463 1876 2535 1921 sibi

153 1942 328 1998 obtingat
352 1953 413 1983 vv.
442 1942 625 1987 25-292
652 1946 707 1984 sic
734 1947 975 1996 qundo-unque
999 1964 1052 1976 --
1085 1945 1249 1992 Tamti,-
1275 1945 1334 1985 sin
1361 1949 1511 1994 contra,
1544 1944 1791 2001 gravissituas
1817 1955 1962 2000 poenas
1989 1944 2097 1985 timet
2122 1956 2184 1984 vv.
2211 1940 2395 1994 30-343
2436 1949 2534 1986 cete-

154 2021 239 2050 rum
265 2007 411 2051 facilem
437 2007 639 2065 brevisque
665 2021 796 2052 morae
822 2022 909 2052 esse
927 2022 1101 2066 operam,
1127 2015 1173 2052 ut·
1196 2010 1340 2052 nullum
1367 2009 1438 2052 sibi
1465 2007 1747 2052 incommodum
1774 2009 1862 2052 inde
1889 2011 2048 2059 oriatur,
2074 2022 2136 2051 vv.
2153 2006 2218 2053 35.
2235 2006 2300 2053 36.
2329 2007 2395 2052 Sic
2421 2019 2534 2065 prae-

155 2071 252 2115 clare
286 2078 426 2116 nautae
462 2072 602 2116 levitati
635 2073 903 2134 religionisque
937 2076 1165 2134 contemptui
1193 2078 1397 2134 opponitur
1428 2076 1624 2118 etiamtum
1649 2076 1689 2117 in
1718 2076 1844 2118 animo
1878 2075 1961 2117 eius
1995 2074 2148 2133 penitus
2183 2074 2296 2117 insita
2328 2073 2466 2133 religio
2494 2079 2532 2117 et

157 2140 392 2191 humam‘tas3
419 2152 507 2182 nam
529 2140 637 2183 nulio
663 2146 777 2198 pacto
803 2141 970 2185 dubitari
996 2144 1153 2200 poterit,
1179 2144 1269 2199 quin
1296 2153 1435 2200 corpus
1462 2141 1557 2184 illud
1584 2141 1812 2184 humaturus
1840 2144 1900 2183 sit.
1934 2141 2066 2198 itaque
2093 2140 2280 2183 levitatem
2309 2139 2412 2183 iilam
2439 2152 2533 2198 prae

157 2220 195 2247 se
224 2206 294 2248 sert
320 2208 467 2263 potius,
501 2209 601 2250 sicut
626 2207 734 2249 multi
762 2209 933 2251 homines
961 2207 1119 2259 faciunt3
1152 2210 1343 2251 occasione
1372 2208 1499 2251 oblata
1533 2207 1731 2264 officioque
1765 2208 1961 2290 flagitante
1986 2206 2121 2249 melior
2148 2208 2296 2249 animus
2325 2221 2369 2251 ac
2395 2215 2535 2251 natura

157 2278 314 2329 apparet
342 2279 456 2330 atque
482 2270 615 2317 elucet,
670 2276 674 2280 ’

333 2381 412 2424 lam
440 2396 518 2439 quo
546 2381 684 2426 clarius
719 2383 812 2427 haec
843 2397 927 2426 mea
953 2384 1052 2427 ratio
1080 2389 1269 2435 cernatur,
1313 2397 1461 2426 carmen
1496 2385 1621 2440 ipsum
1656 2381 1756 2425 dabo
1789 2383 1842 2424 ita
1875 2388 1920 2424 ut
1953 2384 2154 2440 utriusque
2187 2398 2375 2441 personae
2411 2387 2537 2429 oratio

156 2460 205 2488 ex
235 2447 394 2490 adverso
422 2451 548 2505 posita
575 2454 776 2506 spectetur.

166 2559 262 2597 »TE
285 2558 404 2600 maris
430 2563 468 2599 et
494 2562 618 2600 terrae
644 2569 879 2615 numeroque
906 2561 1066 2601 carentis
1093 2571 1225 2601 arenae
1371 2558 1481 2598 »HE
1504 2570 1656 2614 quoque
1684 2556 1820 2617 devexi
1845 2557 2004 2615 rapidus
2032 2571 2160 2601 comcs
2188 2557 2343 2603 Orionis

158 2622 373 2665 Mensorem
401 2624 593 2674 cohibent,
620 2624 809 2680 Archyta,
1366 2623 1525 2679 illyricis
1551 2622 1677 2665 Notus
1705 2623 1835 2665 obruit
1861 2623 1987 2665 undis.

159 2686 329 2730 Pulveris
356 2691 488 2745 exigui
514 2701 635 2746 prope
661 2690 752 2731 litus
779 2702 899 2746 parva
926 2691 1113 2733 Matinum
1365 2689 1421 2729 At
1446 2695 1508 2737 tu,
1536 2694 1671 2739 nauta,
1699 2703 1820 2745 vagae
1846 2703 1895 2731 ne
1921 2700 2036 2746 parce
2063 2689 2256 2748 maiignus
2284 2703 2420 2735 arenae

158 2750 360 2805 Munera,«
400 2767 489 2798 »nec
511 2754 721 2811 quidquam
747 2755 816 2798 tibi
841 2755 999 2813 prodest
1367 2752 1528 2796 Ossibus
1556 2758 1594 2796 et
1621 2755 1734 2811 capiti
1760 2753 1959 2797 inhumato

62 2863 64 2866 .
158 2817 362 2863 Aetherias
384 2826 550 2865 tentasse
576 2819 712 2865 domos
740 2823 941 2881 animoque
964 2821 1169 2866 rotundum
1292 2820 1319 2864 5
1365 2819 1593 2863 Particulam
1604 2819 1737 2864 dan-e:-
1765 2820 1839 2864 »sic
1852 2819 2109 2882 quodcumque
2121 2822 2327 2867 minabitur
2338 2820 2466 2868 Eurus
2484 2821 2538 2870 25

159 2885 396 2929 Perwrrisse
421 2889 554 2945 polum
580 2892 783 2939 morituro,
1366 2887 1562 2928 Fluctibus
1590 2888 1803 2945 Hesperiis,
1832 2887 2053 2931 Venusinae

162 2948 306 2994 Occidit
333 2960 376 2996 ut
401 2954 555 3011 Pelopis
579 2957 746 3011 genitor,
774 2957 932 2998 conviva
959 2956 1125 3003 deomm,
1365 2953 1585 2997 Plectantur
1611 2953 1727 2998 silvae
1753 2961 1792 2997 te
1820 2957 1982 3013 sospite,
2009 2957 2205 3013 multaque
2231 2970 2372 3000 merces

161 3015 428 3077 Tithonusque
453 3026 623 3064 remotus
650 3022 690 3064 in
717 3032 832 3065 auras
1367 3017 1475 3064 Unde
1502 3025 1630 3078 potest
1654 3018 1724 3064 tibi
1750 3019 1897 3066 defluat
1923 3035 2046 3081 aequo

161 3082 211 3125 Et
233 3086 293 3126 IO
301 3086 366 3127 Vis
393 3090 540 3130 arcanis
562 3087 692 3130 Minos
720 3088 938 3139 admissus,«
979 3087 1275 3141 »hAbE'NTque
1369 3086 1432 3129 Ab
1460 3087 1581 3129 IOVe
1605 3085 1862 3145 Neptunoque
1890 3092 1988 3132 sacri
2013 3090 2171 3133 custode
2197 3087 2454 3133 TArEm..

161 3147 327 3192 Tartara
352 3148 590 3195 Panthoiden
617 3154 752 3197 iterum
779 3164 869 3197 orco
1274 3150 1326 3196 10
1379 3150 1578 3210 »Neglegis
1605 3153 1801 3197 immeritis
1828 3157 2041 3198 nocituram
2486 3152 2540 3199 30

2209 3235 2235 3278 4
2304 3300 2310 3304 .
