2720 3459
1341 105 1405 153 38

169 253 358 308 scriptura
386 249 525 307 pendet
552 263 573 291 a
603 248 721 291 παντί
748 263 821 307 τῳ,
856 265 943 294 nam
971 256 1071 299 recte
1098 249 1236 301 dieitur
1263 252 1340 297 πᾶν
1368 266 1402 292 τι
1423 248 1588 309 χρείας,
1622 253 1769 305 quide-'0
1797 254 2033 301 amantio.
2069 255 2216 304 quaevis
2246 256 2455 301 necessitas,
2495 251 2558 293 ἐπὶ

169 318 287 358 παντί
313 333 371 371 τῳ
395 318 546 373 χρείας
572 317 792 372 ἱσταμένῳ,
821 322 952 370 quavis
980 322 1184 358 necessitate
1210 320 1391 358 incidente.

349 417 396 457 V.
426 416 539 458 300.:
585 416 686 472 φέρ’
723 416 759 457 ὦ
795 417 953 468 τέκνον,
1002 419 1070 458 νῦν
1105 419 1171 458 καὶ
1206 417 1250 458 τὸ
1287 418 1360 474 τῆς
1394 415 1513 457 νόσου
1546 413 1727 473 μάθῃς.
1788 415 1897 472 Φέρε
1925 440 1980 446 -
2012 413 2156 474 μάθῃς
2190 415 2293 472 quod
2328 418 2442 457 sciam
2479 418 2558 457 sine

169 482 344 538 exemplo
381 487 455 529 est,
500 496 624 537 neque
668 497 799 524 verum
843 483 948 539 quod
990 483 1301 525 Schneidewinus
1341 481 1520 532 affirmat,
1568 488 1701 538 poetas
1738 484 1792 524 sic
1813 483 1993 524 'secunda
2026 484 2251 524 coniunctivi
2287 495 2451 539 persona
2485 495 2557 538 pro

169 550 391 604 imperativo
416 549 482 589 uti.
514 546 644 604 ltaque
674 563 905 606 quamquam
934 548 1159 592 deteriorum
1189 548 1297 591 codd.
1324 547 1373 590 R.
1394 553 1431 590 et
1454 546 1550 590 Ven.
1575 546 1706 602 μάθε,
1735 555 1802 590 aut
1829 548 1893 590 Le.
1919 546 2076 604 μάθοις
2093 548 2346 604 recipiendum
2365 551 2553 589 existimo.

639 646 688 689 V.
721 646 838 691 1140.
869 662 938 690 ss.:
975 647 1126 704 ἀνδρός
1152 662 1210 689 τοι
1239 647 1282 688 τὸ
1308 646 1386 702 μὲν
1414 643 1463 689 εὖ
1491 645 1644 688 δίκαιον
1673 647 1809 697 εἰπεῖν,

974 714 1201 758 εἰπόντος
1226 711 1273 752 δὲ
1299 712 1357 770 μὴ
1389 711 1603 769 φθονερὰν

973 778 1122 827 ἐξῶσαι
1150 778 1338 831 γλώσσας
1363 777 1526 820 ὀδύναν.

969 846 1101 888 κεῖνος
1127 842 1168 881 δ’
1197 842 1259 888 εἷς
1285 842 1365 883 ἀπὸ
1395 843 1550 885 πολλῶν

970 910 1138 967 ταχθεὶς
1163 909 1296 950 τοῦδ’
1325 909 1568 967 ἐφημοσύνᾳ

968 975 1102 1016 κοινὰν
1130 974 1276 1030 ἤνυσεν
1304 974 1351 1021 ἐς
1376 976 1522 1032 φίλους
1547 976 1730 1032 ἀρωγάν.

170 1053 228 1095 Ne
259 1054 321 1095 hic
348 1054 490 1110 longus
519 1056 589 1095 sim
619 1055 775 1096 diversis
805 1056 1046 1110 interpretum
1076 1055 1269 1095 sententiis
1296 1053 1552 1103 recensendis,
1586 1068 1708 1095 meam
1735 1055 1919 1095 rationem
1947 1053 2150 1110 protulisse
2187 1056 2278 1094 satis
2308 1053 2441 1094 habeo.
2498 1052 2558 1094 Ac

171 1121 296 1175 prima
324 1119 476 1175 quidem
507 1120 621 1161 verba
649 1126 746 1162 recte
768 1119 1003 1162 Camerarius
1024 1119 1226 1164 intellexit:
1257 1124 1384 1170 „Boni
1400 1124 1473 1163 viri
1488 1136 1566 1162 esee
1583 1123 1680 1169 dicit,
1709 1135 1803 1173 quae
1829 1123 2011 1161 commode
2033 1128 2067 1161 et
2085 1124 2215 1160 utiliter·
2230 1124 2336 1171 fiant,
2362 1123 2557 1172 probare.“

171 1195 253 1245 Sed
280 1197 466 1240 vitiosum,
485 1203 544 1238 est
571 1196 772 1250 εἰπόντος,
811 1211 881 1254 pro
910 1210 985 1254 quo
1012 1196 1211 1254 legendum
1241 1181 1481 1246 εἴκοντος.
1520 1196 1729 1240 Philocteta
1756 1210 1840 1239 cum
1871 1212 1929 1239 vv.
1956 1196 2166 1241 1111-15
2195 1203 2233 1239 et
2261 1198 2370 1239 tertia
2398 1196 2559 1253 stropha

172 1261 343 1318 Ulixem,
381 1264 488 1302 euius
524 1263 709 1303 machinis
744 1278 832 1303 arcu
861 1263 1017 1304 orbatus
1052 1269 1126 1311 est,
1161 1264 1384 1319 gravissime
1413 1265 1619 1304 insectatus
1646 1265 1715 1312 sit,
1761 1262 1901 1304 chorus
1930 1262 2051 1311 hune,
2088 1265 2228 1319 quippe
2257 1265 2320 1318 qui
2350 1263 2557 1303 eommunis

172 1327 306 1369 salutis
336 1342 451 1369 causa
481 1326 529 1368 ab
558 1331 728 1369 exercitu
752 1328 790 1369 id
819 1330 944 1369 iussus
971 1328 1115 1375 fecerit,
1150 1334 1308 1369 excusat
1334 1344 1378 1370 ac
1406 1328 1655 1370 Philoctetam
1682 1330 1807 1386 ipsum
1836 1344 1919 1370 eam
1949 1331 2153 1378 rationem,
2192 1343 2269 1384 qua
2296 1329 2386 1370 utile
2409 1331 2557 1388 *iustum

172 1393 221 1433 sit
249 1392 482 1442 habendam,
517 1394 682 1448 probare
723 1409 882 1448 aequum
917 1402 1058 1442 censetg
1098 1397 1154 1435 sin
1184 1397 1255 1448 ipsi
1284 1397 1493 1435 communis
1520 1395 1654 1435 salutis
1682 1409 1797 1435 causa
1826 1394 2031 1435 cedendum
2061 1396 2127 1439 sit,
2164 1395 2315 1452 linguae
2350 1401 2558 1451 temperare

170 1457 284 1500 iubet.
335 1457 419 1500 Hoc
447 1458 566 1515 igitur
594 1457 701 1501 dicit:
729 1462 800 1501 viri
829 1462 934 1512 (erqo
962 1464 1063 1502 etiam
1090 1466 1205 1513 tuum)
1241 1470 1293 1503 est
1323 1465 1366 1502 id
1390 1464 1493 1512 quod
1517 1465 1600 1502 utile
1626 1465 1834 1502 astinetum
1861 1464 2000 1509 dicere,
2035 1464 2094 1500 sin
2122 1464 2315 1500 cedendum
2343 1463 2378 1499 ei
2401 1465 2458 1506 sit,
2487 1477 2559 1499 non

166 1528 347 1576 petulanti
381 1528 506 1575 linqua
543 1527 758 1566 invidiosum
795 1528 909 1565 animi
942 1528 1094 1566 dolorem
1122 1529 1296 1581 preferre.
1351 1523 1495 1568 Deinde
1530 1526 1665 1573 κεῖνος
1697 1526 1910 1569 necessario
1944 1525 1992 1569 ad
2028 1525 2177 1569 Ulixem
2213 1528 2277 1581 qui
2313 1527 2387 1568 iam
2423 1526 2559 1577 abiisse

169 1605 290 1644 eoque
317 1593 501 1631 remotior
530 1592 748 1642 videbatur,
790 1592 910 1632 τοῦδε
938 1592 986 1632 ad
1013 1592 1319 1646 Neoptolemum,
1348 1593 1412 1646 qui
1439 1604 1558 1648 prope
1587 1590 1694 1631 abest
1721 1591 1914 1647 choroque
1942 1597 2000 1632 est
2028 1592 2280 1641 coniunctior,
2309 1590 2558 1640 referendum,

169 1653 284 1696 τοῦδ’
313 1653 559 1713 ἐφημοσύνᾳ
588 1662 732 1706 autem,
761 1658 860 1698 sicut
886 1671 971 1698 cum
999 1656 1168 1699 Seidlero
1195 1657 1415 1712 probassem
1442 1659 1516 1698 iam
1543 1658 1582 1698 in
1611 1656 1759 1713 sylloge
1786 1658 1990 1713 proposui,
2018 1656 2360 1714 interpretandum:
2389 1660 2559 1696 mandato

145 1724 266 1770 λκιο,
296 1721 559 1777 Neoptolemo,
588 1725 674 1762 dato
703 1722 786 1776 (csr.
815 1722 980 1780 Kriiger.
1007 1723 1044 1779 ᾗ.
1072 1722 1136 1766 47.
1166 1723 1203 1767 7.
1232 1738 1269 1764 n.
1297 1724 1372 1777 5.),
1410 1737 1452 1764 ac
1480 1722 1595 1765 verba
1622 1724 1756 1768 κεῖνος
1781 1746 1837 1752 ——
1864 1722 2036 1778 ἀρωγάν
2064 1725 2188 1779 ipsum
2218 1723 2262 1763 τὸ
2293 1720 2339 1763 εὖ
2367 1721 2460 1764 illud
2489 1735 2559 1763 ex-

165 1788 318 1843 plicant.
354 1787 481 1829 Τῶνδ’
509 1793 648 1839 autem,
678 1788 785 1844 quod
815 1788 970 1845 quidam
998 1804 1069 1846 pro
1097 1789 1208 1830 τοῦδ’
1237 1795 1488 1846 reposuerunt
1515 1788 1562 1830 de
1582 1787 1814 1830 Graecorum
1843 1791 2012 1830 exercitu
2041 1791 2273 1845 accipientes,
2301 1802 2392 1829 num
2414 1788 2559 1830 admitti

166 1856 307 1909 possit,
338 1868 421 1894 cum
452 1854 564 1909 longe
595 1857 627 1895 is
656 1855 773 1903 absit,
801 1854 976 1909 equidem
1005 1854 1151 1896 dubito.
1729 1855 1733 1859 ’

566 1952 639 1993 Vv.
671 1952 787 1996 1163.
817 1968 888 1993 ss.:
918 1954 1025 2008 πρὸς·
1052 1951 1176 2002 θεῶν,
1205 1952 1247 1994 εἴ
1270 1968 1301 1994 τι
1330 1953 1446 2007 σέβει
1475 1953 1603 2003 ξένον,
1633 1954 1847 2003 πέλασσον,

925 2018 1065 2076 εὐνοίᾳ
1091 2020 1206 2076 πάσᾳ·
1230 2019 1419 2061 πελάταν·

923 2085 1041 2127 ἀλλὰ
1069 2084 1236 2139 γνῶθ’,
1265 2083 1312 2127 εὐ
1341 2085 1472 2140 γνῶθ’
1500 2086 1575 2127 ὅτι
1603 2087 1683 2126 σοὶ

921 2153 1031 2207 κῆρα
1061 2150 1175 2191 τάνδ’
1203 2151 1462 2206 ἀποφεύγειν.
2104 2206 2108 2210 .

165 2227 314 2269 Primos
342 2227 442 2269 duos
469 2242 603 2269 versus
632 2242 747 2269 sanos
775 2242 858 2269 esse
885 2233 992 2282 puto.
1032 2227 1081 2269 Ut
1109 2227 1171 2268 alii
1200 2227 1363 2282 quidam,
1393 2228 1506 2274 ξένον
1534 2231 1575 2281 (i.
1595 2244 1627 2270 e.
1657 2233 1747 2282 me)
1776 2228 1916 2284 εὐνοίᾳ
1944 2229 2055 2283 πάσᾳ
2083 2228 2255 2268 πελάταν
2284 2231 2412 2285 iungo.
2441 2230 2559 2284 impe-

165 2293 328 2334 rativum
358 2291 559 2334 πέλασσον
587 2293 647 2335 his
676 2294 911 2336 interiectum
938 2297 1053 2349 puto,
1088 2298 1127 2334 et
1161 2291 1332 2334 absolute
1368 2292 1534 2347 quidem,
1571 2293 1638 2335 sed
1666 2300 1711 2335 ut
1746 2293 1933 2335 obiectum
1973 2292 2078 2333 facile
2119 2296 2343 2350 cogitatione
2383 2288 2556 2335 addatur.

168 2357 243 2398 Sed
274 2362 497 2414 corruptum
527 2372 609 2399 esse
638 2374 673 2399 v.
697 2357 815 2403 1165.
844 2372 977 2400 omnes
1006 2357 1083 2400 fere
1112 2358 1363 2406 consentiunt,
1392 2372 1468 2412 quo
1496 2366 1664 2401 correcto
1694 2364 1816 2401 totum
1846 2357 1969 2400 locum
1997 2359 2051 2399 sie
2079 2357 2316 2399 scribendum
2345 2373 2495 2399 censeo:

899 2435 1007 2493 πρὸς
1033 2434 1161 2486 θεῶν,
1191 2432 1235 2478 εἴ
1256 2449 1290 2477 τι
1319 2433 1435 2488 σέβει
1464 2420 1593 2484 ξένον,
1621 2435 1832 2486 πέλασσον,

901 2500 1042 2560 εὐνοίᾳ
1070 2502 1183 2560 πάσᾳ
1211 2499 1384 2542 πελάταν

903 2569 1188 2619 aindoma-2
1218 2568 1266 2610 εὐ
1294 2567 1427 2621 γνῶθ’
1456 2569 1552 2617 ὅτι,
1582 2584 1659 2609 σοι

898 2639 1008 2694 κῆρα
1037 2636 1154 2679 τάνδ’
1182 2634 1443 2692 ἀποφεύγειν.

169 2726 302 2768 opem
332 2711 419 2752 tibi
449 2711 691 2765 ferentem,
718 2713 866 2771 probe
895 2716 1032 2765 seito,
1071 2721 1120 2757 ut
1148 2714 1269 2756 hanc
1297 2712 1609 2755 calamitatem
1639 2712 1852 2772 effugias.
1911 2713 2028 2757 Usum
2057 2729 2139 2757 esse
2167 2715 2229 2757 illo
2259 2714 2374 2758 verbo
2404 2713 2558 2772 Sopho-

168 2778 263 2820 clem
284 2777 464 2883 docemgr
482 2778 644 2821 Bekker.
665 2780 835 2822 Anecdd.
858 2780 886 2822 1.
910 2796 947 2836 p.
969 2781 1061 2830 383,
1082 2781 1167 2825 31.:
1197 2779 1401 2821 ἀλκάθω
1429 2780 1495 2819 καὶ
1523 2779 1775 2820 ἀλκάθεινε
1808 2779 2025 2838 Σοφοκλῆς
2050 2781 2116 2821 καὶ
2139 2780 2345 2838 Αἷσχύλος.
2374 2780 2559 2837 σημαίνει

169 2843 218 2884 δὲ
248 2844 292 2884 τὸ
320 2843 405 2899 βοη
438 2845 510 2883 εἶν.
557 2899 559 2901 ‚

350 2931 547 2971 Postremo
575 2947 620 2971 ne
649 2932 928 2988 deperditarum
964 2922 1167 2992 Sophoclis
1204 2917 1489 2992 tragoediarum
1525 2931 1733 2991 fragmenta
1768 2934 1878 2992 plane
1908 2936 2274 2992 praetermittantur,
2311 2937 2424 2977 unius
2454 2935 2558 2993 quod

167 3012 218 3040 ex
246 2995 455 3040 Achillis
485 2998 783 3041 amatoribus
812 3017 834 3042 a
862 3001 1029 3045 Stobaeo
1058 3001 1292 3060 Floril..6c1‚
1326 3000 1386 3045 13.
1418 3005 1606 3041 servatum
1635 3006 1693 3042 est
1721 3003 1776 3052 (1.
1806 3001 1882 3051 Br.,
1914 3002 2005 3045 162.
2026 3001 2099 3049 Df„
2133 3003 2221 3044 154.
2252 3002 2377 3052 ch.),
2405 3018 2557 3044 versum

131 3120 135 3125 ¹
157 3070 319 3128 5⁰3¹th
349 3062 569 3107 emendabo.
742 3086 747 3090 ·
2192 3098 2194 3100 ,
