2720 3459
1258 143 1318 191 29

287 288 451 333 oEDlP.
477 289 593 334 REG.
625 305 660 333 v.
692 290 780 335 100.
808 306 858 333 s.:
896 290 1257 349 ἀνδρηλατοῢντας,
1284 289 1312 348 ἢ
1340 288 1456 347 φόνῳ
1486 290 1614 346 φόνον
1640 290 1754 332 πάλιν

892 356 1078 408 λύοντας,
1105 356 1167 404 ὡς
1193 354 1296 399 τόδ’
1322 355 1426 411 αἷμα
1446 355 1644 413 χειμάζον
1669 355 1793 398 πόλιν.

114 422 213 470 Τόδε
238 420 551 464 Schneidewinus
578 422 740 479 explieat
771 438 797 464 a
822 426 888 464 deo
913 427 1165 476 εἰρηῄἰσαὴηη,
1197 428 1242 464 ut
1275 436 1327 464 ex
1351 423 1399 463 iis
1434 435 1531 477 quae
1562 421 1661 463 dieta
1687 427 1813 463 esseut
1839 420 1994 479 intelligi
2024 424 2202 479 potuerit.
2259 422 2315 463 At
2346 435 2468 477 neque

107 488 266 544 μίασμα
286 488 435 547 χώρας
461 502 497 529 v.
519 487 605 539 97„
631 503 751 545 neque
778 488 904 545 φόνον
929 506 965 531 v.
992 488 1078 533 100.
1098 489 1187 532 huie
1208 488 1450 549 explicationi
1471 487 1589 538 favet,
1615 502 1737 544 neque
1758 503 1806 530 ex
1828 503 2051 545 praegressa
2072 490 2243 531 oratione
2262 502 2469 545 pronomen

108 555 290 613 explicari
322 561 461 612 potest.
516 555 593 598 Pro
621 555 705 598 τόδ’
731 555 966 599 scribendum
993 556 1045 599 τό
1053 556 1095 599 0¹
1121 570 1205 599 cum
1228 555 1427 614 χειμάζον
1453 554 1704 612 iungendum3
1735 554 1801 597 cfr.
1831 553 1925 598 Oed.
1954 554 2034 598 Col.
2065 554 2198 599 1504:
2231 555 2360 597 πάντα
2387 553 2468 610 γὰρ

111 622 213 665 θεοῦ
241 623 442 664 τοιαῦτα
461 622 795 678 χειμάζοντος
819 623 974 666 εἰκάσαι
1000 624 1126 681 πάρα.
1165 622 1279 678 Αἷμα
1305 621 1401 664 nihil
1425 626 1484 665 est
1508 622 1581 664 nisi
1610 620 1738 677 φόνον
1765 635 1801 661 v,
1831 619 1929 671 100,
1959 626 2000 663 et
2018 620 2138 679 *verba
2163 621 2224 667 ὣς
2248 620 2340 663 τόσ’
2366 619 2467 674 αἷμα

104 687 301 746 χειμάζον
326 686 436 729 πόλιν
461 702 614 729 eausam
641 687 803 729 afferunt
828 687 984 731 horum:
1011 688 1191 746 ἀνδρηλ.,
1219 688 1246 746 ἢ
1275 688 1392 745 φόνῳ
1422 686 1549 744 φόνον
1574 687 1690 728 πάλιν
1715 686 1894 733 λύοντας.

632 762 681 806 V.
704 763 794 810 198.
817 779 866 808 sa
892 764 1021 808 τέλει
1046 766 1127 822 γὰρ
1155 762 1199 808 εἴ
1220 781 1254 807 τι
1281 764 1357 813 νὺξ
1379 765 1486 822 ἀφῇ,

894 830 1005 871 τοῦτ’
1029 829 1105 871 ἐπ’
1131 828 1244 887 ἦμαρ
1273 828 1452 889 ἔρχεται.

116 895 219 938 Τέλει
254 909 338 937 cum
365 908 487 949 neque
518 908 590 950 pro
623 893 770 940 τελέως
794 894 932 940 dietum
958 910 1039 938 esse
1065 898 1188 952 possit
1221 902 1260 938 et
1289 911 1362 952 pro
1396 896 1442 938 ἐν
1469 896 1570 938 τέλει
1604 899 1775 954 positum
1809 896 2032 953 languidum
2058 898 2125 945 sit,
2159 896 2468 938 Schneidewinus

110 970 148 1005 et
173 960 368 1005 Nauckius
395 974 445 1004 ex
471 959 634 1016 Kayseri
663 966 700 1002 et
726 960 834 1017 leepii
861 963 1071 1004 coniectura
1097 963 1346 1019 seripserunt:
1373 962 1480 1005 τελεῖ
1502 964 1603 1020 γάρ·
1632 961 1676 1006 εἴ
1697 977 1731 1005 τι
1760 961 1836 1011 νὺξ
1859 962 1949 1019 ἁφῇ
1977 968 2080 1005 oett:
2106 965 2261 1015 confidet
2284 965 2375 1004 enin
2403 977 2468 1004 noe

111 1031 242 1079 Mara,
269 1036 375 1068 totam
407 1029 652 1069 Thebanorum
678 1030 846 1069 civitatem
872 1031 1159 1082 depopulabitur,
1187 1032 1261 1072 nisi
1284 1044 1347 1072 voa
1374 1044 1475 1084 opem
1497 1033 1646 1084 fereda,-
1674 1030 1796 1085 (nam)
1824 1033 1860 1071 si
1884 1032 1979 1083 quid
2003 1043 2076 1071 noa.-
2101 1031 2294 1080 dirrare-in
2327 1031 2370 1070 id
2394 1030 2470 1071 dies

110 1097 258 1135 invadit.
305 1093 411 1150 Apta
439 1093 591 1148 quidem
618 1098 675 1133 est
698 1093 789 1135 haee
815 1096 1012 1144 sententia,
1040 1094 1107 1136 sed
1134 1095 1215 1151 γάρ
1243 1095 1428 1152 particula
1452 1109 1566 1152 quam
1594 1095 1646 1136 illi
1672 1095 1851 1153 supplent
1878 1095 1984 1137 nullo
2010 1100 2124 1153 pacto
2151 1096 2274 1137 omitti
2298 1099 2470 1152 poteram

112 1177 155 1205 ac
178 1167 374 1218 praeterea
405 1166 486 1204 tum
520 1175 603 1203 cum
632 1159 847 1204 Hermanno
871 1176 943 1218 pro
974 1160 1048 1204 ἐπ’
1075 1161 1313 1205 scribendum
1339 1159 1365 1204 ἔ
1369 1161 1426 1213 π’,
1460 1177 1548 1205 nam
1576 1163 1684 1215 tmesi
1710 1162 1835 1205 locum
1863 1178 1946 1205 esse
1973 1178 2053 1205 non
2078 1168 2185 1219 puto.
2241 1160 2318 1204 cfr.
2346 1169 2470 1203 tamen

111 1227 245 1269 Lehrs.
267 1226 439 1275 Quaestt.
459 1240 544 1283 epp.
566 1240 601 1280 p.
622 1226 705 1270 76..
733 1225 816 1283 Ego
841 1232 879 1269 et
903 1229 1105 1270 sententiae
1131 1240 1246 1269 causa
1273 1233 1311 1269 et
1335 1232 1381 1269 ut
1406 1228 1515 1269 metri
1541 1227 1746 1283 aequalitas
1772 1230 1997 1271 restituatur
2023 1226 2263 1272 scribendum
2291 1226 2473 1269 arbitron

894 1286 1068 1349 perjure
1095 1293 1176 1349 γὰρ
1205 1291 1248 1335 εἴ
1269 1308 1303 1334 τι
1332 1293 1406 1341 νὺξ
1429 1293 1532 1350 ἀφῇ,

894 1359 1002 1402 τοῦτ’
1029 1357 1104 1402 ἔπ’
1128 1357 1242 1418 ἦμαρ
1270 1355 1449 1418 ἔρχεται,

112 1430 184 1466 luci
209 1427 249 1479 (i.
278 1440 309 1467 e.
338 1430 450 1480 vitae)
477 1430 569 1467 enim
595 1430 631 1467 εἰ
655 1428 748 1477 quid
772 1439 844 1464 nox
865 1429 1066 1477 permiserit
1091 1427 1132 1477 (i.
1160 1438 1193 1466 e.
1219 1428 1256 1465 εἰ
1278 1427 1341 1465 eui
1363 1438 1437 1464 ηοω
1458 1427 1695 1478 pepercerit),
1722 1427 1764 1465 id
1788 1428 1866 1465 dies
1892 1428 2039 1465 invadat.

502 1544 505 1546 ,
595 1501 669 1543 Vv.
686 1500 777 1546 476.
800 1515 868 1543 ss„
858 1515 868 1526 ·
896 1499 1016 1559 φοιτᾷ
1041 1500 1123 1559 γὰρ
1151 1500 1221 1543 ὑπ’
1248 1499 1397 1557 ἀγρίαν

899 1565 993 1608 ὕλαν
1018 1566 1100 1609 ἀνά
1125 1566 1163 1608 τ’
1189 1565 1319 1622 ἄντρα
1345 1565 1412 1607 καὶ

899 1635 1138 1689 πετραῒος
1162 1632 1186 1674 ὃ
1214 1633 1410 1688 ταῦρος.

113 1701 177 1744 sie
196 1700 277 1750 La„
303 1706 347 1742 ut
367 1699 607 1749 Hermannus
634 1701 847 1741 coniectura
872 1703 1107 1755 reposuerat,
1134 1713 1220 1741 eum
1248 1699 1359 1740 ceteri
1386 1696 1471 1740 libri
1492 1697 1551 1740 vel
1573 1700 1765 1754 πετραῖος
1783 1697 1858 1749 ὡς,
1886 1698 1942 1741 vel
1965 1699 2119 1756 πέτρας
2136 1700 2208 1750 ὡς,
2233 1699 2289 1743 vel
2310 1699 2474 1755 πέτραις

113 1768 174 1813 ὡς
198 1767 373 1809 habeant.
428 1765 506 1808 Sed
539 1765 738 1808 articulum
771 1763 860 1807 ferri
892 1778 968 1806 non
999 1778 1113 1822 posse
1145 1766 1219 1807 iam
1255 1763 1317 1807 alii
1353 1769 1599 1814 monuerunt,
1634 1778 1793 1820 eamque
1820 1764 1870 1806 ob
1898 1778 2051 1808 eausam
2077 1764 2274 1809 Nauckius
2300 1764 2473 1808 Dorvillii

113 1835 364 1875 coniecturam
390 1831 544 1888 πέτρας
568 1832 641 1874 ἅτε
666 1832 817 1887 ταῦρος
844 1845 926 1873 cum
952 1830 1032 1872 aliis
1060 1829 1286 1886 quibusdam
1305 1831 1456 1886 recepit.
1485 1830 1527 1872 ln
1555 1830 1622 1873 La.
1650 1833 1839 1885 scriptura
1865 1830 1945 1873 leve
1971 1833 2103 1873 vitium
2131 1833 2372 1873 commissum
2400 1838 2474 1876 est:

113 1897 316 1942 scribatur:
344 1896 426 1939 ἀνά
450 1896 488 1939 τ’
514 1895 678 2015 α”ίντραν
669 1897 736 1939 καὶ
763 1895 945 1953 πέτρας
969 1894 1246 1953 ἷσόταυρος.

640 1973 803 2019 V··822
827 1988 877 2015 s.:
1158 1971 1234 2029 ἆρ’
1261 1970 1386 2028 ἔφυν
1412 1973 1557 2023 κακόςς

901 2038 972 2097 ἆρ’
998 2038 1087 2098 ου’χι
1113 2041 1193 2085 πᾶς
1218 2037 1410 2094 ἄναγνοςς

107 2102 203 2166 'Apa
230 2094 541 2165 interrogativum
575 2120 803 2163 quamquam
837 2120 906 2166 per
939 2120 978 2148 se
1005 2107 1058 2148 sic
1088 2106 1179 2163 poni
1206 2110 1351 2163 potest,
1392 2110 1436 2148 ut
1468 2108 1652 2148 sententia
1688 2108 1737 2148 sit
1771 2105 2009 2154 affirmativa
2051 2114 2175 2150 tamen
2212 2107 2272 2150 hie
2308 2107 2474 2158 offendit,

114 2188 198 2215 cum
225 2174 399 2229 deinoeps
426 2177 466 2214 in
492 2173 648 2215 eandem
676 2175 897 2215 sententiam
925 2171 998 2228 ἄρ’
1024 2171 1115 2229 οὐχί
1138 2172 1297 2215 dicatur.
1325 2171 1457 2228 Itaque
1486 2175 1660 2214 coniicio:

902 2236 975 2295 ἆρ’
1000 2235 1094 2292 ἐγὼ
1119 2234 1176 2280 οὔ
1202 2252 1302 2279 και(
1290 2252 1346 2288 ς,

292 2314 458 2359 OEDIP.
488 2315 602 2358 COL.
630 2330 665 2357 ν.
691 2315 757 2359 47.
786 2330 834 2357 s.:
862 2314 949 2357 ἀλλ’
976 2313 1066 2356 οὔδ’
1094 2312 1186 2369 ἐμοί
1210 2328 1270 2355 τοι
1298 2312 1596 2362 τοῦξανιστάναι
1624 2315 1781 2361 πόλεως

857 2380 941 2440 δίχ’
968 2380 1049 2423 ἐστὶ
1076 2378 1247 2436 θάρσος,
1275 2378 1368 2435 πρίν
1395 2380 1439 2433 γ’
1466 2380 1515 2421 ἂν
1543 2380 1753 2428 ἐνδείξω
1782 2381 1819 2422 τί
1845 2380 1948 2437 δρῶ.

121 2445 219 2489 Οὐδ’
246 2446 341 2502 ἐμοί
365 2460 425 2489 τοι
442 2460 544 2489 nune
562 2446 729 2505 plerique
747 2452 846 2490 recte
872 2461 922 2489 ex
941 2445 1096 2489 Seidleri
1121 2446 1333 2487 coniectura
1358 2459 1431 2502 pro
1459 2444 1558 2488 οὐδὲ
1582 2445 1718 2501 μέντοι
1745 2451 1813 2489 aut
1838 2445 1932 2488 οὐδ’
1959 2445 2060 2502 ἐμόν
2088 2461 2161 2490 τοι.
2186 2446 2374 2500 ’Eaedem
2396 2451 2480 2494 libri

116 2527 245 2555 omnes
273 2519 311 2555 et
339 2513 477 2561 schoh,
514 2514 582 2555 sed
617 2514 690 2555 hoc
717 2527 848 2555 verum
874 2527 956 2555 esse
981 2526 1058 2555 uon
1079 2516 1215 2567 potest.
1269 2510 1366 2553 Nam
1403 2512 1681 2554 Schneidewini
1714 2511 1934 2567 explicatio:
1969 2516 2074 2554 bevor
2106 2517 2164 2555 ich
2198 2518 2268 2556 den
2296 2517 2384 2557 Fau
2416 2533 2482 2557 eur

116 2581 270 2633 Anzeiqe
291 2581 412 2632 brinqe
430 2581 508 2620 und
524 2579 710 2634 (anfi-aye)
730 2594 810 2621 was
829 2580 885 2621 ich
904 2581 988 2621 rhun
1008 2580 1091 2629 soll,
1117 2591 1194 2619 non
1220 2581 1348 2633 potest
1373 2575 1536 2624 admitti.
1564 2591 1649 2620 cum
1672 2575 1712 2621 id
1738 2576 1894 2622 verbum
1922 2579 2105 2622 omissum
2134 2582 2199 2631 sit,
2229 2582 2331 2638 quod
2360 2598 2481 2639 neque

116 2645 253 2688 deesse,
271 2660 394 2703 neque
421 2659 470 2687 ex
499 2644 666 2693 ἐνδείξω
694 2645 850 2704 intelligi
876 2650 1012 2703 potest.
1038 2645 1140 2686 Iusto
1169 2642 1349 2686 audacius
1376 2643 1426 2687 A.
1452 2643 1648 2686 Nauckius
1676 2646 1850 2687 coniecit:

774 2722 863 2764 ἀλλ’
890 2722 983 2764 οὐδ’
1010 2720 1107 2776 ἐμόν
1133 2735 1192 2761 τοι
1219 2719 1518 2767 τούἒανιστάναι
1545 2722 1604 2775 (α’
1629 2720 1774 2777 ἕδρας)

775 2787 932 2834 πόλεως
956 2786 1038 2845 δίχ’
1065 2785 1164 2836 ἐστι’,
1190 2784 1284 2842 πρίν
1310 2783 1353 2839 γ’
1379 2784 1430 2827 ἂν
1457 2784 1625 2834 ἐνδεὶξω
1653 2786 1768 2842 τι(νι’.)

120 2879 230 2921 quem
258 2867 296 2907 in
322 2865 463 2907 tradita
489 2867 678 2923 scriptura
710 2865 891 2907 articulus
926 2865 1104 2907 infinitivo
1137 2862 1287 2904 additus
1321 2861 1651 2918 (τούξανιστάναι)
1688 2863 1846 2906 offendit
1872 2866 2028 2918 iniuria3
2061 2881 2150 2910 nam
2184 2871 2216 2910 si
2255 2868 2404 2927 θαρσῶ
2439 2873 2481 2912 τὸ

116 2930 325 2989 μάχεσθαι
352 2931 475 2974 dicere
501 2932 604 2982 lieet,
631 2932 718 2974 lieet
743 2935 854 2975 etiam
882 2932 1043 2988 θάρσος
1067 2928 1153 2971 ἐστι’
1175 2943 1265 2984 μοι,
1293 2930 1316 2970 i.
1335 2943 1367 2970 e.
1395 2927 1613 2984 ὕαρσεῖταί
1635 2945 1706 2985 μοι
1734 2931 1780 2972 τὸ
1807 2931 2039 2989 μάχεσθαις
2065 2949 2188 2990 neque
2215 2935 2375 2983 πόλεως
2399 2953 2480 2978 cum

118 2995 182 3037 illo
209 3010 407 3054 perperam
434 2999 600 3054 positum
628 2996 801 3047 dixerim,
829 2997 943 3041 modo
969 3000 1057 3054 post
1082 2993 1379 3043 τούξανιστάναι
1407 3006 1485 3036 vox
1513 2994 1721 3051 paullisper
1748 2997 1974 3052 requiescat.
1999 2997 2132 3055 Neque
2159 3013 2250 3043 vero
2278 3001 2482 3044 Schneide-

119 3063 212 3103 wini
252 3064 465 3104 coniectura
500 3062 594 3118 πρίν
627 3062 670 3115 γ’
704 3061 754 3103 ἂν
789 3062 903 3109 &vde
911 3063 987 3119 ι’ξῃ
1027 3061 1067 3117 (ἢ
1094 3060 1221 3111 πόλις)
1255 3058 1293 3100 τί
1329 3058 1418 3115 δρῶ
1457 3061 1614 3116 probari
1650 3068 1789 3118 potest.
1852 3063 2034 3106 Mendum
2069 3080 2117 3105 ex
2153 3068 2316 3108 traiectis
2353 3067 2483 3109 litteris

120 3133 244 3170 ortum
273 3134 348 3179 est3
375 3130 556 3185 scriptum
583 3129 681 3171 enim
709 3126 825 3172 fuisse
851 3127 1015 3172 videtur:
1041 3125 1133 3183 πρίν
1159 3125 1200 3180 γ’
1229 3124 1277 3167 ἂν
1305 3124 1482 3173 ἐξειδῶ
1511 3126 1548 3169 τί
1571 3125 1678 3184 δρῶ.
