2720 3459
1348 148 1407 193 12

179 303 322 353 pestate
343 297 449 337 eiecti
467 297 562 337 iacet
580 308 739 350 corpus,
768 297 876 337 cuius
903 295 1038 337 umbra
1065 302 1219 337 nautam
1248 296 1333 337 inde
1362 311 1384 336 a
1411 310 1445 335 v.
1467 293 1532 337 23.
1561 292 1739 348 implorat
1766 300 1810 334 ut
1836 285 1986 350 corpus
2004 309 2115 336 suum
2144 295 2310 350 sepeliat.
2348 297 2443 344 Quis
2462 310 2563 336 vnau-

179 362 311 419 fragus
339 360 401 402 ille
430 362 500 410 sit,
527 361 599 401 nisi
628 359 735 416 quod
763 374 782 402 e
812 376 835 400 v
876 360 942 405 29.
972 357 1105 418 colligi'
1124 365 1250 418 potest
1276 366 1314 402 et
1338 361 1461 417 ipsum
1489 371 1572 400 esse
1599 355 1869 408 Tarentinum,
1897 373 1981 402 cum
2010 359 2168 403 Tarenti
2195 359 2389 403 custodem
2416 358 2563 417 Neptu·

178 443 269 470 num
299 427 475 483 imploret
492 430 536 466 ut
558 425 778 481 sepulturae
801 441 891 468 suae
911 429 1119 483 praemium
1140 426 1346 482 persolvat,
1374 428 1556 466 incertum
1577 429 1646 468 cst.
1675 424 1871 466 Praeclare
1892 433 2018 467 autem
2034 428 2233 483 utriusque
2253 440 2437 484 personae
2456 429 2562 484 inge-

179 496 285 536 nium
312 493 540 549 descriptum
569 497 638 534 est.
688 490 836 542 Nauta,
867 498 909 535 ut
936 492 1166 535 Tarentinus
1193 499 1230 534 et
1257 492 1371 534 homo
1398 505 1477 532 non
1504 489 1697 540 indoctus,
1726 491 1924 547 Archytae
1952 492 2125 549 sepulcro
2153 499 2354 548 conspecto
2383 494 2563 534 memoria

181 559 378 601 clarissimi
398 559 469 598 viri
488 562 526 598 et
547 559 639 599 civis
658 566 834 600 movetur
854 559 1025 616 quidem,
1052 557 1119 600 sed
1146 557 1242 600 idem
1270 562 1314 599 ut
1340 562 1525 598 mercator
1553 554 1624 598 soli
1652 558 1827 614 quaestui
1849 571 1894 600 ac
1916 557 2022 600 lucro
2044 557 2236 609 addictus,
2265 557 2400 601 altiora
2422 559 2562 617 ingenii

181 626 307 669 studia
335 633 517 681 tanquam
546 640 682 681 parum
718 625 825 667 utilia
859 640 949 682 prae
985 626 1123 666 divitiis
1157 624 1311 679 aliisque
1347 622 1461 678 rebus
1497 624 1665 664 externis
1699 628 1961 673 contemnens,
1985 627 2073 665 ‘non
2105 627 2246 682 egregii
2280 624 2368 666 olim
2402 626 2562 675 civitatis

180 693 410 736 Tarentinae
439 689 761 734 administratoris
789 698 826 733 et
852 693 1088 748 imperatoris
1128 689 1248 745 (quod
1274 694 1399 731 tamen
1415 690 1552 730 ·minus
1581 688 1793 730 mirandum
1821 695 1897 738 est,
1932 705 2016 731 cum
2045 692 2118 731 iam
2147 705 2216 747 per
2242 690 2424 732 ducentos
2452 693 2562 747 quin-

181 760 363 816 quaginta
391 757 470 799 fere
500 771 622 799 annos
651 757 848 800 Tarentini
878 773 899 800 a
925 758 1107 800 Romanis
1134 757 1220 797 victi
1247 754 1420 797 libertate
1447 755 1586 797 amissa
1614 754 1752 797 horum
1780 756 1937 813 imperio
1966 755 2122 799 subiecti
2149 763 2275 799 essent
2301 761 2339 798 et
2365 756 2562 813 Archytae

178 825 224 864 de
245 824 441 880 republica
460 826 595 867 merita
614 824 833 864 Tarentinis
853 826 924 864 iam
947 823 1012 863 diu
1035 825 1072 863 in
1096 822 1281 862 oblivione
1302 823 1494 873 iacerent),
1522 821 1589 862 sed
1610 821 1874 870 mathematici,
1897 824 2104 863 astronomi
2128 836 2173 863 ac
2191 822 2410 879 philosophi
2432 825 2563 863 memi-

179 892 253 941 nit,
282 903 395 946 quem
426 888 610 932 altissima
638 891 789 947 ingenio
814 894 997 946 petentem
1025 886 1198 930 sublimia
1224 885 1288 929 illa
1317 884 1444 928 studia
1471 891 1597 928 tamen
1625 884 1809 928 moriendi
1835 888 2055 929 necessitate
2080 886 2236 930 liberare
2259 904 2337 930 non
2358 890 2562 944 potuerint,

178 971 257 997 non
281 958 406 1011 magis
431 969 547 1010 quam
566 955 792 1002 Tantalum,
820 955 1045 1002 Tithonum,
1074 954 1239 993 Minoem
1269 964 1417 992 summa
1444 952 1594 1007 generis
1610 965 1645 1002 ‚a
1668 951 1756 992 love
1783 951 1934 992 oriundi
1962 951 2149 1002 nobilitas,
2178 966 2222 993 ac
2240 958 2435 1009 praeterea
2456 952 2562 994 Tan·

177 1022 299 1064 talum
320 1021 480 1063 deorum
505 1020 751 1069 consuetudo,
780 1020 985 1061 Tithonum
1005 1024 1161 1074 propter
1179 1016 1470 1073 pulcritudinem
1491 1019 1530 1058 in
1554 1016 1698 1058 coelum
1719 1017 1910 1058 sublatum
1931 1018 2108 1059 Aurorae
2131 1021 2366 1075 coniugium,
2393 1019 2561 1059 Minoem

180 1092 340 1146 propter
368 1087 591 1144 sapientiam
620 1087 748 1128 intima
775 1084 872 1128 lovis
900 1083 1129 1127 familiaritas
1158 1084 1254 1126 mori
1280 1081 1537 1141 prohibuerit,
1565 1088 1632 1126 aut
1651 1082 1913 1141 Pythagoram
1941 1098 2089 1128 summa
2117 1086 2301 1141 sapientia
2327 1091 2366 1128 et
2390 1084 2562 1128 doctrina

182 1155 430 1195 excellentem
454 1153 509 1201 id,
539 1153 643 1207 quod
670 1155 742 1192 iam
771 1151 882 1192 semel
910 1157 1066 1191 mortem
1095 1164 1134 1191 se
1162 1150 1340 1207 effugisse
1368 1154 1529 1190 testatus
1553 1150 1622 1199 sit;
1655 1148 1833 1190 omnibus
1859 1151 1956 1190 enim
1980 1149 2195 1192 hominibus
2220 1150 2325 1192 nullo
2349 1149 2561 1192 discrimine

183 1218 422 1261 moriendum
458 1232 552 1260 esse.
608 1218 710 1259 Haec
744 1224 866 1259 autem
901 1219 953 1258 ita
987 1217 1046 1258 ille
1080 1215 1239 1271 profert,
1274 1222 1318 1257 ut
1351 1229 1424 1271 pro
1461 1219 1593 1257 aetatis
1629 1215 1728 1257 illius
1763 1217 1915 1272 ingenio
1950 1223 1987 1257 et
2019 1216 2201 1274 religione
2230 1224 2267 1258 et
2295 1218 2561 1273 superstitione

183 1285 343 1327 liberum
373 1282 578 1325 admodum
606 1297 692 1325 eum
719 1297 800 1324 esse
828 1288 1016 1339 appareat.
1052 1281 1147 1324 Nam
1177 1281 1259 1324 illas
1286 1281 1332 1324 de
1361 1281 1539 1332 Tantalo,
1567 1281 1749 1332 Tithono,
1777 1282 1907 1325 Minoe
1934 1281 2081 1325 fabulas
2110 1297 2181 1340 pro
2209 1285 2321 1326 meris
2349 1282 2485 1325 fabulis
2514 1282 2561 1324 ab

184 1366 230 1392 eo
251 1352 382 1392 haberi
405 1350 444 1390 id
466 1350 558 1390 mihi
580 1349 728 1390 videtur
747 1350 1021 1397 demonstrare,
1047 1348 1146 1404 quod
1168 1348 1428 1405 Pythagoram
1451 1350 1608 1404 eiusque
1635 1347 1682 1402 de
1709 1350 1837 1404 priore
1857 1348 1944 1388 olim
1968 1363 2039 1389 sua
2059 1351 2136 1390 vita
2159 1356 2429 1398 commentum,
2458 1349 2560 1390 Tro-

184 1420 270 1459 iano
300 1416 397 1458 bello
426 1415 681 1470 Euphorbum
709 1429 748 1456 se
776 1414 907 1462 fuisse,
937 1414 1064 1456 irridet
1091 1414 1381 1464 evidentissime;
1410 1414 1450 1455 id
1478 1413 1582 1470 quod
1609 1413 1668 1455 vel
1695 1428 1741 1455 eo
1768 1414 1966 1471 probatur,
1994 1414 2098 1471 quod
2125 1418 2352 1455 Panthoiden
2379 1430 2464 1456 eum
2492 1430 2561 1471 ap·

181 1481 305 1538 pellat.
342 1480 540 1522 Irridentis
568 1486 628 1522 est
655 1482 785 1529 etiam,
821 1479 922 1535 quod
949 1494 1033 1521 eum
1066 1479 1155 1521 dicit
1187 1483 1275 1521 nihil
1299 1484 1394 1521 ultra
1421 1495 1549 1521 nervos
1575 1488 1682 1532 atque
1708 1488 1820 1521 cutem
1847 1484 1952 1520 morti
1977 1485 2205 1522 concessisse.
2249 1479 2407 1522 Summa
2436 1488 2561 1522 autem

183 1548 369 1588 irrisionis
393 1547 561 1588 cernitur
587 1560 624 1587 v.
651 1545 711 1588 14.
741 1547 780 1586 in
803 1544 925 1586 verbis
945 1548 1058 1586 iudice
1074 1554 1105 1585 te
1124 1560 1194 1584 non
1212 1549 1383 1586 sordidus
1403 1554 1528 1586 auctor
1547 1554 1699 1588 namt-ae
1715 1550 1871 1599 verique,
1899 1545 2037 1602 quibus
2062 1559 2139 1587 non
2160 1545 2421 1603 Pythagoram
2446 1546 2559 1589 modo

181 1613 395 1661 cavillatur,
425 1612 492 1652 sed
516 1611 629 1652 simul
656 1614 768 1652 etiam
792 1611 1002 1666 Archytam
1030 1612 1172 1665 ipsum,
1205 1612 1268 1665 qui
1296 1610 1402 1651 illum
1429 1615 1507 1651 tam
1535 1610 1694 1652 ridicula
1721 1616 1971 1653 commentum
2000 1620 2149 1652 naturae
2175 1617 2343 1665 verique
2368 1627 2448 1654 non
2476 1627 2560 1654 sor-

180 1678 311 1720 didum
340 1683 534 1719 auctorem
564 1676 803 1725 iudicaverit,
838 1689 914 1732 quo
942 1674 1050 1716 simul
1079 1675 1270 1732 Archytae
1299 1677 1482 1732 sapientia
1509 1681 1547 1719 et
1574 1675 1747 1720 doctrina
1774 1678 1812 1719 in
1840 1679 2090 1735 suspicionem
2120 1684 2288 1721 vocatur.
2336 1679 2396 1721 Ac
2421 1678 2559 1721 Titho-

179 1758 270 1785 num
290 1743 460 1800 quidem,
489 1757 602 1799 quem
630 1747 765 1799 poetae
793 1748 1033 1798 veterumque
1060 1743 1186 1798 opinio
1213 1742 1489 1784 immortalitate
1517 1743 1701 1786 donatum
1729 1758 1807 1787 non
1825 1758 1907 1787 esse
1928 1750 2121 1787 mortuum
2147 1745 2378 1803 perhibebat,
2407 1745 2473 1788 sed
2494 1752 2560 1788 aut

184 1817 291 1862 louqa
331 1814 447 1850 minzn'
489 1818 664 1851 senectute
708 1809 819 1862 (Hor.
857 1810 980 1849 sarm.
1017 1809 1061 1849 ll.
1098 1808 1165 1856 16,
1197 1808 1279 1860 30.)
1322 1815 1389 1850 aut
1421 1812 1461 1850 in
1495 1810 1658 1851 cicadam
1694 1818 1915 1860 mutatum„
1949 1817 2066 1852 nauta
2107 1826 2192 1852 cum
2229 1818 2419 1852 mortuum
2456 1812 2558 1857 dicit,

180 1874 316 1917 fabulis
346 1876 429 1916 istis
457 1873 572 1916 fidem
600 1887 641 1916 se
669 1887 746 1916 non
776 1873 914 1915 habere
944 1873 1137 1914 manifesto
1165 1872 1338 1915 declarat.
1394 1873 1598 1918 Tantalum
1626 1891 1716 1919 vero
1745 1890 1829 1920 cum
1860 1875 2008 1933 Pelopis
2036 1879 2245 1934 genitorem
2273 1883 2404 1926 vocat,
2432 1880 2558 1920 nescio

180 1957 229 1983 an
257 1942 358 1983 illam
386 1941 433 1982 de
463 1941 603 1997 Pelope
633 1955 655 1981 a
683 1946 791 1996 patre
820 1945 983 1981 mactato
1012 1939 1142 1994 disque
1170 1942 1208 1980 in
1235 1942 1404 1980 convivio
1434 1943 1609 1996 apposito
1637 1941 1822 1992 fabulam,
1857 1957 1969 1998 quam
2005 1942 2193 1984 Pindarus
2232 1942 2291 1985 Ol.
2330 1944 2355 1984 l.
2391 1943 2557 1985 refellere

181 2008 324 2057 studet,
361 2006 632 2063 significaverit
660 1998 847 2061 simulque
883 2010 927 2047 ut
953 2004 1129 2047 ridiculas
1157 2011 1194 2047 et
1219 2010 1348 2061 turpes
1381 2006 1593 2048 istiusmodi
1622 2009 1857 2050 narrationes
1884 2013 2018 2050 notare
2045 2007 2218 2050 voluerit.
2275 2007 2406 2050 Talem
2441 2010 2559 2066 igitur

181 2074 362 2115 Horatius
392 2078 549 2114 nautam
578 2071 789 2128 descripsit.
847 2070 927 2113 Sed
955 2070 1068 2112 latere
1097 2076 1135 2111 in
1162 2073 1241 2112 eius
1269 2072 1391 2113 verbis
1421 2086 1452 2111 v.
1481 2073 1519 2115 7.
1550 2075 1680 2115 vitium
1708 2076 1782 2116 iam
1810 2088 1928 2131 supra
1954 2088 2043 2132 pag.
2071 2074 2110 2119 S.
2136 2074 2361 2131 significavi,
2389 2074 2557 2131 maleque

181 2140 439 2182 cohaerentem
475 2140 686 2182 orationem
723 2153 877 2180 causam
913 2136 1047 2186 fuisse,
1089 2153 1155 2179 cur
1187 2137 1353 2193 plerique
1387 2145 1523 2180 nautae
1558 2154 1767 2182 sermonem
1801 2156 1836 2182 v.
1866 2140 1904 2184 6.
1933 2143 2038 2182 exire
2073 2142 2331 2197 opinarentur.
2385 2141 2558 2183 Tolletur

180 2213 304 2249 autem
332 2206 405 2248 hoc
433 2208 565 2249 vitium
594 2206 882 2261 artissimusque
911 2205 1094 2245 orationis
1121 2219 1242 2245 nexus
1268 2207 1503 2256 restituetur,
1536 2208 1567 2248 si
1603 2210 1768 2249 maxima
1801 2211 1891 2264 p'ost
1923 2211 2093 2249 morituro
2128 2222 2162 2248 v.
2193 2207 2229 2251 6.
2259 2209 2556 2264 interpunctione

181 2274 328 2314 sublata
357 2288 390 2313 v.
421 2274 458 2316 7.
488 2287 560 2329 pro
588 2281 622 2313 et
647 2271 827 2313 scribitur
854 2280 916 2311 ut:

1242 2352 1309 2378 nec
1334 2338 1537 2393 quidquam
1563 2339 1631 2379 tibi
1655 2339 1811 2394 prodest

847 2401 1051 2445 Aetherias
1079 2408 1242 2444 tentasse
1270 2402 1400 2446 domos
1429 2405 1627 2460 animoque
1655 2404 1860 2446 rotundum

843 2469 1083 2510 Percurrisse
1110 2467 1239 2523 polum
1269 2471 1461 2518 morituro,

846 2533 993 2574 Occidit
1021 2542 1061 2571 ut
1086 2532 1237 2587 Pelopis
1265 2535 1410 2588 genitor
1437 2541 1519 2575 cett.

185 2602 351 2644 Eandem
379 2608 466 2658 post
494 2601 649 2643 verbum
678 2600 803 2643 sedem
834 2600 948 2642 habet
975 2599 1068 2641 haec
1095 2597 1280 2655 particula
1310 2598 1429 2641 Carm.
1458 2600 1485 2642 Ι.
1514 2601 1578 2647 37.
1607 2600 1685 2650 20.,
1714 2600 1779 2643 Ν.
1812 2601 1872 2650 13,
1900 2600 1978 2651 26.,
2001 2601 2124 2658 Epod.
2157 2601 2217 2652 16,
2246 2601 2324 2651 31.,
2353 2602 2433 2645 Sat.
2461 2602 2488 2643 Ι.
2520 2604 2554 2650 1,

184 2667 263 2714 26.,
286 2667 323 2715 3,
344 2667 408 2709 28.
434 2667 538 2716 alibi,
566 2676 603 2708 et
622 2668 877 2723 comparative
898 2664 1049 2721 quidem
1079 2664 1160 2705 Sat.
1185 2663 1211 2704 1.
1234 2663 1270 2712 3,
1296 2664 1382 2706 114.
1410 2665 1538 2721 ltaque
1566 2673 1609 2708 ut
1635 2668 1715 2723 ipse
1743 2672 1858 2708 nauta
1886 2667 2088 2723 tranquillo
2118 2670 2210 2710 mari
2240 2667 2386 2724 placido
2416 2681 2553 2724 aequa·

188 2732 289 2786 lique
309 2746 424 2772 cursu
445 2733 605 2780 vehitur,
633 2735 686 2773 sic
708 2734 831 2773 oratio
860 2734 942 2772 eius
971 2745 1050 2771 uno
1079 2735 1117 2770 et
1145 2731 1323 2770 continuo
1352 2733 1457 2784 quasi
1485 2732 1636 2774 flumine
1665 2733 1863 2788 tranquille
1891 2739 1928 2773 et
1953 2733 2157 2789 aequaliter
2185 2747 2304 2789 usque
2333 2732 2381 2773 ad
2409 2735 2552 2774 exitum

185 2795 372 2852 procedit3
401 2799 526 2838 omnia
554 2800 737 2839 artissime
766 2800 892 2839 iuncta
922 2803 959 2839 et
987 2810 1160 2837 connexa
1189 2800 1297 2841 sunt.
1324 2810 1509 2851 nusquam
1537 2798 1749 2854 asyndeton
1777 2798 2090 2855 deprehenditur:

364 2862 495 2920 Longe
524 2862 595 2905 alia
622 2866 856 2922 maximeque
883 2862 1035 2907 diversa
1073 2863 1197 2905 oratio
1233 2867 1291 2905 est
1317 2860 1501 2920 naufragi.
1558 2864 1769 2909 Vehemens
1804 2881 1849 2909 ea
1882 2871 1957 2916 est,
1999 2867 2166 2923 graviter
2201 2880 2359 2922 urgens,
2404 2867 2551 2910 concisa

185 2933 428 2985 omniumque
465 2929 664 2986 ambagum
700 2945 859 2988 expers,
899 2930 1095 2988 asyndetis
1131 2931 1170 2970 in
1204 2929 1414 2986 posteriore
1451 2936 1554 2985 parte
1587 2932 1663 2987 (vv.
1694 2932 1758 2976 30.
1787 2932 1852 2977 33.
1881 2931 1964 2985 35.)
2001 2931 2208 2974 abundans.
2264 2931 2366 2973 Haec
2399 2932 2429 2973 si
2467 2944 2552 2974 vere

184 2997 284 3045 dixi,
314 3010 385 3037 sua
413 3003 546 3050 sponte
580 3005 735 3051 apparet
768 3013 845 3039 non
879 3013 992 3053 posse
1027 2996 1195 3039 eiusdem
1230 3010 1312 3036 esse
1345 2995 1458 3035 verba
1495 2999 1558 3050 qui
1590 2997 1849 3052 praecedentia
1882 2998 2033 3039 dixerit.
2092 2998 2150 3038 Ac
2186 2999 2308 3052 primo
2343 2997 2551 3054 naufragus

186 3067 323 3105 nautae
349 3063 514 3104 animum
537 3062 574 3103 in
596 3075 634 3105 se
657 3065 838 3106 convertit
859 3078 997 3107 vocans
1021 3077 1107 3106 eum
1130 3076 1173 3105 ac
1196 3060 1334 3105 docens
1363 3074 1459 3117 quae
1479 3074 1548 3104 sua
1570 3064 1619 3105 sit
1638 3061 1817 3106 condicio.
1847 3063 1991 3120 Atque,
2019 3068 2063 3105 ut
2088 3061 2162 3104 hoc
2189 3063 2296 3119 quasi
2324 3065 2551 3121 praeteriens

184 3143 375 3176 moneam,
410 3144 459 3169 ex
488 3143 532 3169 eo
561 3128 663 3182 quod
692 3135 743 3169 m'e
770 3146 944 3181 quoque
971 3131 1076 3178 dicit,
1111 3145 1159 3171 ex
1184 3129 1256 3170 hac
1283 3127 1365 3169 sola
1391 3128 1574 3182 particula
1607 3145 1748 3180 quoque
1779 3135 1878 3170 recte
1906 3130 2080 3185 colligere
2107 3142 2311 3183 possumus
2339 3129 2550 3185 Archytam
