2720 3459
1350 205 1378 252 6

174 359 317 412 potest,
344 353 407 395 hic
432 358 557 395 tamen
590 364 712 392 mare
747 355 814 393 aut
840 356 985 407 partem
1013 352 1129 393 maris
1156 351 1360 408 significari
1387 351 1473 394 inde
1501 356 1669 409 apparet,
1698 351 1802 408 quod
1834 353 2010 410 opposita
2042 357 2133 393 sunt
2155 355 2320 405 flumina.
2376 352 2464 396 Non
2490 360 2548 397 est

175 419 280 477 quod
305 418 480 476 exempla
505 421 703 475 poetarum
731 431 827 473 quae
846 422 1024 460 sexcenta
1041 422 1131 460 sunt
1151 417 1315 461 afferam.
1357 420 1448 467 Quis
1464 431 1595 470 gurges
1614 421 1738 459 autem
1758 431 1844 460 cum
1869 417 2016 473 dicitur,
2042 417 2113 460 loci
2130 417 2324 474 epitheton
2343 421 2548 475 quaeritur,

173 492 219 529 ut
246 484 350 544 apud
378 484 579 543 Virgilium
607 487 667 525 est
690 498 820 536 qurqes
852 486 1091 536 Οαφαιήίω,
1137 484 1239 540 apud
1267 484 1443 527 Ovidium
1471 487 1611 532 Iberus,
1636 486 1840 534 Euboicus,
1879 484 1982 540 apud
2010 484 2144 525 Silium
2171 482 2339 526 Italicum
2367 489 2547 535 Sicanium,

175 567 219 595 ac
245 557 447 609 propterea
472 551 584 592 etiam
611 551 652 592 in
678 564 794 606 prosa
822 552 992 591 oratione
1026 565 1104 592 non
1131 555 1197 602 qui
1222 549 1286 592 sed
1318 554 1422 602 quis
1445 563 1575 600 qur-90³
1602 546 1802 591 dicendum
1829 548 1938 592 foret.
1986 548 2088 592 Tum
2114 563 2204 591 vero
2229 548 2359 592 eadem
2386 551 2548 593 interro·

175 620 280 677 gatio
304 618 477 675 partitive
499 617 701 672 repetitur,
728 620 773 657 ut
798 614 923 657 verbis
951 619 1032 668 quie
1057 631 1187 668 qur-92⁸
1214 618 1372 666 luqubria
1398 617 1547 665 ignarus
1576 615 1680 653 belli!
1709 613 1965 670 respondeant
1991 614 2100 656 haec:
2130 618 2229 668 quod
2252 630 2351 656 mare
2375 619 2548 658 Daunia·

176 700 248 726 non
274 687 518 726 decoloravere
544 685 696 723 caedes?
722 681 847 723 verbis
876 687 999 723 autem
1026 697 1118 734 quae
1133 684 1286 733 flumina
1312 682 1470 731 luqubrie
1496 681 1626 730 iqnara
1653 682 1734 720 belli
1739 687 1757 720 5
1783 679 1894 722 haec:
1921 696 2015 733 quae
2041 690 2139 722 carot
2163 696 2230 723 ora
2256 695 2382 723 cruore
2403 690 2548 723 noso-o!

175 750 390 792 Fluminum
434 751 562 788 autem
589 748 687 788 ostia
714 746 888 803 intelligi,
929 760 1021 803 ergo
1055 760 1178 794 oram,
1212 749 1345 801 sponte
1377 750 1545 800 apparet.
1599 744 1773 786 Ceterum
1807 745 1869 787 hic
1895 760 2046 788 versus:
2090 762 2183 798 quae
2209 756 2305 788 caret
2330 762 2397 787 ora
2423 761 2549 789 cruore

174 822 322 858 noso-o!
356 814 486 857 nescio
521 828 570 856 an
603 814 865 869 κακοφωνίας
896 815 1017 869 possit
1050 814 1174 869 argui,
1215 812 1287 853 nisi
1320 809 1418 852 sorte
1450 814 1563 867 poeta
1596 807 1643 851 de
1674 807 1861 852 industria
1901 824 1981 852 rem
2016 809 2209 854 horridam
2244 813 2348 853 sonis
2383 810 2548 853 horridis

175 882 388 938 exprimere
414 879 547 921 voluit.
583 878 668 921 Hoc
694 880 811 935 igitur
836 878 949 919 modo
975 878 1069 919 haec
1097 876 1255 932 stropha
1281 875 1441 933 simplici
1466 877 1612 917 ratione
1639 874 1788 916 defendi
1814 889 1928 931 posse
1955 876 2047 917 mihi
2074 877 2232 919 videtur.
2266 877 2397 933 Neque
2423 883 2548 919 tamen

174 961 256 988 eam
284 945 479 987 laudatam
506 944 617 993 volo,
644 944 711 985 sed
738 942 926 984 ferendam
954 957 1096 984 censeo.

351 1009 480 1054 Habes
507 1011 595 1061 iam,
622 1008 693 1052 Vir
709 1008 928 1057 clarissime,
956 1021 1074 1049 meam
1102 1007 1334 1057 sententiam,
1362 1019 1477 1063 quam
1498 1005 1586 1049 Tibi
1606 1019 1664 1048 me
1685 1004 1935 1063 probaturum
1950 1020 1998 1048 ne
2016 1008 2097 1064 ipse
2118 1006 2267 1064 quidem
2284 1022 2408 1066 spero,
2436 1007 2547 1064 idque

173 1092 219 1120 eo
247 1078 385 1126 minus,
414 1077 514 1133 quia,
542 1080 585 1116 ut
610 1088 739 1116 verum
766 1074 894 1122 fatear,
921 1073 1011 1114 mihi
1039 1075 1120 1129 ipse
1145 1086 1282 1129 parum
1300 1072 1441 1128 placeo,
1467 1086 1588 1128 neque
1615 1086 1688 1128 ego
1716 1071 1953 1121 intercedam,
1981 1087 2029 1114 ne
2054 1073 2209 1115 meliora
2222 1073 2288 1115 Tu
2317 1089 2374 1116 me
2399 1073 2547 1116 doceas.

175 1144 256 1186 Sed
282 1143 444 1185 sortasse
471 1144 591 1197 magis
618 1140 706 1182 Tibi
733 1139 953 1182 satisfaciam
981 1138 1214 1181 emendando
1241 1137 1325 1180 loco
1352 1137 1552 1195 desperato
1579 1152 1616 1179 v.
1632 1137 1697 1181 21.
1742 1135 1868 1180 Verba
1896 1141 2003 1180 sunt:

961 1203 1109 1246 Audire
1136 1218 1295 1260 magnos
1323 1206 1398 1245 iam
1426 1203 1558 1245 videor
1579 1202 1693 1244 duces

958 1270 1048 1312 Non
1075 1270 1252 1312 indecoro
1280 1269 1434 1325 pulvere
1462 1267 1650 1318 sordidos,

959 1335 1010 1378 Et
1032 1341 1165 1378 cuncta
1191 1342 1379 1377 terrarum
1407 1334 1563 1377 subacta

961 1401 1116 1444 Ptaeter
1143 1407 1308 1444 atrocem
1336 1403 1502 1444 animum
1531 1400 1699 1443 Catonis.

177 1471 219 1512 ln
245 1470 304 1512 his
333 1467 445 1510 verba
472 1466 637 1509 audire
657 1491 712 1499 —
730 1467 898 1509 videor
924 1473 1103 1525 corrupta
1127 1482 1209 1510 esse
1238 1470 1347 1526 pauci
1366 1482 1467 1510 nunc
1486 1469 1722 1510 invenientur
1741 1468 1806 1523 qui
1820 1472 1975 1523 negent;
2003 1467 2194 1523 quomodo
2214 1467 2447 1510 emendanda
2462 1469 2548 1518 sint.

175 1539 214 1579 in
234 1536 380 1588 diversa
400 1533 539 1576 abeunt
559 1534 631 1575 viri
653 1532 765 1576 docti.
794 1533 985 1576 Bentleius
1011 1541 1101 1592 post
1119 1534 1347 1577 Beroaldum
1376 1537 1684 1577 videre—videor
1711 1534 1879 1584 coniecit,
1904 1547 2062 1590 eumque
2083 1533 2290 1577 Linckerus
2310 1539 2461 1577 secutus
2480 1539 2548 1584 est,

174 1602 454 1658 Peerlkampius
480 1604 680 1641 sudare—
693 1604 808 1650 video,
845 1601 949 1656 quod
963 1601 1029 1643 Tu
1046 1603 1207 1644 interim.
1235 1602 1326 1643 dum
1347 1602 1479 1644 melius
1507 1600 1599 1657 quid
1625 1605 1817 1657 repertum
1844 1605 1955 1650 esset,
1982 1599 2181 1657 adoptasti,
2210 1600 2407 1643 Hanovius
2428 1614 2550 1657 nuper

172 1672 302 1711 anteire
318 1691 372 1700 --
385 1670 501 1718 video,
530 1665 634 1723 quod
661 1680 733 1723 ego
762 1681 912 1723 quoque
939 1672 1182 1719 tentaveram,
1211 1667 1275 1710 sed
1297 1669 1423 1710 statim
1445 1666 1588 1717 dimisi,
1616 1665 1677 1709 alii
1698 1665 1859 1708 fortasse
1884 1665 2002 1708 aliter.
2031 1665 2082 1708 Ut
2102 1671 2243 1712 certum
2264 1665 2549 1709 fundamentum

172 1734 420 1778 emendationi
448 1738 626 1791 ponatur,
653 1734 777 1790 primo
806 1733 852 1775 de
880 1736 1063 1776 sententia
1089 1736 1173 1791 ipsa
1201 1735 1413 1775 accuratius
1440 1738 1498 1775 cst
1525 1732 1793 1789 quaerendum.
1842 1732 1886 1773 In
1911 1734 2087 1789 proxime
2115 1732 2344 1775 antecedenti
2372 1732 2548 1788 stropha:

962 1800 1040 1842 lam
1067 1815 1170 1842 nunc
1197 1801 1331 1841 minaci
1358 1813 1551 1841 murmure
1579 1812 1762 1841 cornuum

963 1864 1192 1921 Perstringis
1221 1866 1336 1914 auris,
1365 1866 1437 1906 iam
1465 1864 1548 1905 litui
1571 1868 1754 1920 strepunt,

967 1930 1046 1972 lam
1075 1930 1204 1987 fulgor
1232 1945 1426 1972 armorum
1452 1930 1597 1987 fugacis

963 1995 1101 2038 Terret
1126 2011 1244 2053 equos
1272 2000 1514 2053 equitumque
1542 1995 1679 2045 voltus,

172 2062 334 2104 vividam
361 2061 552 2119 quandam
580 2066 619 2103 et
644 2061 828 2103 illustrem
856 2063 1058 2119 imaginem
1085 2059 1269 2120 habemus
1295 2064 1448 2104 victoris
1475 2065 1661 2105 exercitus
1688 2077 1856 2119 pugnam
1883 2064 2092 2120 incipientis
2120 2062 2341 2119 hostemque
2361 2064 2547 2105 terrentis.

172 2128 249 2171 lam
277 2130 355 2171 sive
383 2132 511 2170 audire
536 2128 688 2185 legitur,
717 2130 794 2170 sive
822 2132 967 2179 anteire,
994 2128 1088 2170 haec
1115 2134 1182 2170 aut
1208 2131 1292 2185 ipsa
1319 2143 1470 2185 quoque
1490 2128 1539 2171 ad
1557 2130 1703 2171 initium
1729 2128 1863 2185 proelii
1890 2127 2083 2171 referenda
2098 2135 2205 2179 sunt,
2234 2128 2369 2170 autad
2386 2127 2548 2170 mediam

172 2197 251 2237 eius
286 2197 490 2244 actionem3
530 2196 589 2237 sin
626 2209 718 2237 vero
751 2198 888 2236 sudare
922 2193 1111 2244 scribitur,
1153 2196 1192 2236 in
1234 2194 1393 2237 mediam
1426 2209 1593 2252 pugnam
1626 2195 1849 2237 inducimur.
1892 2194 1971 2238 Sed
1998 2197 2143 2237 utravis
2170 2196 2316 2237 ratione
2345 2200 2429 2237 ante
2457 2208 2548 2238 con-

172 2260 307 2303 fectum
335 2265 524 2303 certamen
550 2265 661 2302 vasto
689 2260 855 2317 quodam
891 2262 1001 2318 quasi
1029 2260 1137 2302 hiatu
1164 2262 1318 2302 traiecto
1346 2260 1524 2317 legimus:
1551 2271 1584 2302 et
1609 2270 1735 2302 cuncta
1763 2270 1939 2303 terrarum
1965 2265 2124 2304 subacta.
2173 2260 2428 2309 Quamobrem
2456 2260 2548 2303 mihi

174 2329 425 2369 necessarium
466 2326 634 2378 videtur,
683 2334 729 2369 ut
762 2344 822 2370 vv.
850 2327 917 2371 21.
945 2327 1011 2373 22.
1048 2332 1115 2370 aut
1149 2328 1307 2369 victoria
1340 2331 1406 2369 aut
1440 2326 1561 2370 clades
1596 2328 1843 2385 significetur,
1881 2341 1995 2384 quam
2030 2328 2198 2370 omnium
2235 2333 2423 2370 terrarum
2456 2325 2548 2370 sub-

176 2394 270 2434 actio
297 2394 347 2434 sit
373 2397 584 2435 consecuta.
619 2392 724 2435 Haec
745 2398 889 2435 autem:
917 2408 990 2435 uon
1018 2397 1186 2434 indecoro
1210 2397 1358 2445 pulvere
1384 2397 1566 2444 sordidos,
1597 2394 1687 2436 mihi
1715 2393 1872 2436 dubium
1900 2408 1978 2435 non
2004 2407 2087 2435 esse
2114 2392 2264 2435 videtur
2290 2395 2382 2450 quin
2408 2394 2547 2434 rectius

178 2458 226 2499 ad
252 2460 338 2499 victi
371 2461 559 2500 exercitus
596 2458 711 2500 duces
742 2459 967 2509 referantur,
1001 2474 1115 2515 quam
1153 2458 1202 2501 ad
1230 2461 1402 2510 victoris3
1437 2461 1627 2515 aptissime
1663 2461 1760 2501 enim
1796 2458 1849 2500 illi
1875 2467 2078 2516 postquam
2093 2457 2307 2500 fortissime
2328 2462 2548 2515 pugnantes

177 2524 404 2573 restiterunt,
438 2522 589 2566 tandem
617 2522 791 2567 cadentes
820 2530 887 2567 aut
908 2525 1112 2567 morientes
1140 2522 1312 2566 dicentur
1338 2518 1603 2567 non'ae'ndecoro
1625 2529 1772 2579 pulvere
1797 2527 1950 2566 sordidi.
1981 2523 2108 2581 ltaque
2135 2523 2240 2566 nulla
2265 2537 2395 2566 earum
2423 2524 2548 2566 conie-

179 2595 380 2639 cturarum,
401 2590 537 2647 quibus
555 2596 734 2647 corrupta
760 2590 943 2633 librorum
962 2593 1151 2649 scriptura
1169 2590 1297 2633 adhuc
1315 2596 1456 2633 tentata
1475 2597 1532 2633 est
1553 2590 1644 2633 mihi
1664 2590 1861 2641 satisfecit3
1895 2592 1968 2633 nisi
2003 2589 2108 2646 quod
2135 2589 2385 2647 Peerlkampii
2411 2588 2546 2631 video

179 2656 284 2711 quasi
301 2660 437 2696 rectam
464 2656 684 2699 emendandi
702 2658 803 2699 viam
819 2657 1001 2708 ostendit3
1029 2656 1098 2700 sed
1117 2657 1185 2699 diu
1204 2656 1348 2700 frustra
1366 2660 1445 2714 ipse
1461 2671 1609 2714 quoque
1629 2656 1850 2700 medicinam
1873 2657 2141 2714 circumspexi3
2168 2671 2256 2699 nam
2277 2655 2387 2698 talia:
2415 2658 2548 2697 ardor-e

169 2725 312 2773 fructos
340 2725 406 2762 aut
430 2725 562 2764 audere
588 2727 703 2765 lassos
731 2727 802 2764 iam
829 2727 931 2765 video
955 2727 1075 2775 duces,
1105 2725 1175 2767 etsi
1203 2722 1253 2766 ad
1281 2737 1433 2769 sensum
1460 2725 1550 2765 satis
1572 2728 1671 2781 apta,
1699 2727 1823 2764 tamen
1846 2721 2055 2765 litterarum
2073 2721 2248 2764 ductibus
2269 2723 2381 2764 nimis
2401 2736 2424 2763 a
2440 2719 2546 2769 libris

179 2785 387 2827 discedunt.
412 2786 543 2843 Nuper
561 2787 709 2830 tandem
729 2792 940 2846 repperisse
960 2790 1051 2831 mibi
1070 2789 1202 2832 videor
1229 2788 1334 2846 quod
1360 2794 1398 2830 et
1424 2792 1624 2831 sententiae
1652 2788 1882 2831 satisfaceret
1907 2804 1976 2831 nec
2002 2790 2113 2831 nimis
2134 2804 2156 2830 a
2176 2788 2352 2846 vulgatae
2378 2788 2546 2831 lectionis

181 2851 313 2893 litteris
340 2850 473 2892 abiret.
509 2852 752 2896 Scribendum
780 2857 877 2897 enim
906 2855 998 2897 mihi
1023 2855 1191 2898 videtur:

963 2922 1108 2965 Adire
1136 2924 1287 2966 manis
1314 2923 1390 2964 iam
1416 2920 1549 2962 video
1577 2920 1691 2963 duces

963 2987 1051 3031 Non
1079 2988 1257 3032 indecoro
1284 2986 1439 3046 pulvere
1467 2985 1652 3029 sordidos.

181 3090 262 3119 auch
286 3089 338 3119 bei
362 3087 618 3127 Sachbegriffen,
650 3099 677 3119 z.
700 3090 738 3121 Β.
771 3092 839 3131 qm·-
855 3111 900 3116 -
912 3093 1016 3132 paam·
1038 3098 1094 3124 aue
1113 3093 1236 3132 modu,
1270 3090 1531 3134 quie—modu,
1563 3092 1631 3132 quis
1653 3091 1760 3131 nudor,
1796 3093 1862 3126 und
1891 3091 2129 3132 zleiehervoino
2151 3090 2257 3130 virgil
2277 3090 2346 3131 φεῦ
2363 3108 2408 3115 -
2428 3091 2544 3129 modu,

179 3143 430 3185 quie—ludu,
461 3144 529 3186 quie
547 3143 710 3185 —furon
741 3147 977 3189 quis—locu,
1007 3149 1196 3191 quiscum,
1228 3147 1416 3191 qm‘odolon
1446 3147 1514 3189 Μ
1536 3158 1655 3189 tm,
1683 3148 1889 3191 vitum,
1919 3147 1989 3190 §⁸⁸⁸0
2009 3151 2116 3187 m»
2137 3145 2207 3189 Ἰώ
2228 3145 2354 3187 ‘w‘
2375 3147 2444 3189 Ἰώ
2464 3152 2544 3179 m·

175 3201 271 3244 ρίου,
292 3201 362 3243 quis
378 3200 516 3243 pla-qm·
538 3219 581 3225 —-
601 3202 759 3234 durch-n·
778 3204 858 3235 ohne
871 3205 1086 3238 Ausushmen.
1114 3205 1189 3238 Und
1205 3216 1271 3238 nnn
1290 3205 1374 3238 noch
1392 3205 1476 3237 dun
1491 3206 1573 3237 nach
1590 3207 1663 3238 dem
1679 3213 2006 3246 vorsusgegangenen
2028 3204 2098 3245 quis
2114 3213 2242 3245 conpos
2264 3205 2314 3236 ein
2333 3202 2544 3247 quimul⁸⁴
