2720 3459
1346 176 1406 223 26

582 323 654 364 Vv.
682 323 774 368 403.
803 337 855 365 ss.
890 322 1012 365 Libri:
1047 325 1119 364 ποῖ
1145 338 1203 369 τις
1228 322 1301 365 οὖν
1329 323 1457 379 φύγῃς

1044 392 1116 431 ποῖ
1138 389 1276 444 μολὼν
1300 391 1432 444 μενῶ;

1044 454 1081 495 εὶ
1109 455 1157 495 τὰ
1183 454 1260 510 μὲν
1288 453 1443 511 φθίνει,
1473 452 1595 509 φίλοι,

1046 523 1152 565 τοῖς
1178 520 1220 560 δ’
1248 521 1371 574 ὁμοῦ
1399 518 1567 567 πέλας,
1658 568 1669 580 ⁸

1046 589 1211 642 μωραῖς
1235 585 1276 626 δ’
1303 584 1452 640 ἄγραις
1475 584 1768 641 προςκείμεθα,

1048 655 1127 697 πᾶς
1151 650 1197 691 δὲ
1224 651 1400 706 στρατὸς
1426 650 1617 696 δίπαλτος
1640 649 1690 691 ἄν
1715 665 1770 705 με

1042 717 1152 776 χειρὶ
1179 714 1356 773 φονεύοι.

197 785 237 826 ln
265 785 325 825 his
353 789 577 840 corruptum
605 797 686 824 esse
714 798 750 824 V.
779 783 871 825 406.
901 785 1047 823 etiamsi
1073 797 1150 823 non
1178 782 1378 822 sententiae
1406 780 1637 823 obscuritate
1665 789 1881 838 appareret,
1906 783 1962 823 vel
1993 783 2251 838 antistrophae
2280 796 2375 837 quae
2403 796 2562 837 respon·

192 850 281 893 dent
306 848 425 892 verba
452 864 489 891 v.
518 848 611 893 424.
642 864 690 891 s.:
730 863 813 891 τινα
846 848 966 905 Τροία
994 849 1184 905 στρατοῦ,
1212 859 1437 904 quamquam
1472 861 1519 889 ne
1547 848 1630 906 ipsa
1658 846 1808 904 quidem
1837 848 2003 904 integra,
2031 846 2344 890 demonstrarent.
2386 846 2560 905 Longum

192 921 251 957 est
275 917 446 956 virorum
480 914 679 955 doctorum
717 915 950 955 coniecturas
982 927 1174 953 recensere
1208 926 1365 968 quarum
1400 912 1505 952 nulla
1539 912 1754 952 satisfaciat.
1809 912 1942 966 ltaque
1976 915 2101 952 statim
2137 913 2227 967 quid
2265 913 2356 952 mihi
2393 912 2564 953 videatur

191 994 416 1036 proponam.
445 978 543 1021 Nam
571 979 682 1020 simul
709 984 877 1020 correcta
904 976 953 1019 ad
980 978 1252 1034 antistropham
1279 991 1456 1018 versuum
1484 979 1629 1019 ratione
1657 976 1895 1019 scribendum
1923 985 2038 1033 puto:

773 1043 810 1085 εἷ
836 1042 884 1084 τὰ
909 1041 988 1097 μὲν
1015 1042 1173 1098 φθίνει,
1202 1042 1326 1099 φίλοι,
1355 1044 1492 1089 τοῖος
1517 1042 1573 1095 δ’,

773 1107 824 1149 οἴ
823 1123 928 1163 μοι,
958 1108 1136 1162 γέλως,
1162 1110 1323 1165 μωραῒς
1347 1107 1390 1148 δ’
1419 1107 1568 1165 ἄγραις
1593 1108 1883 1166 προς-κείμεθα.

196 1178 349 1220 Partem
377 1179 455 1217 veri
483 1178 556 1217 iam
584 1174 831 1216 Thierschius
857 1173 951 1214 vidit
977 1174 1145 1215 scribens
1174 1179 1256 1219 τοῖς
1288 1174 1328 1214 δ’
1363 1175 1467 1229 ὁμοῦ
1503 1175 1664 1228 γέλως
1695 1177 1859 1232 μώραις
1890 1175 1930 1229 γ’
1958 1174 2107 1231 ἄγραις
2139 1174 2406 1231 προκείμεθα.
2458 1175 2564 1224 Quae

194 1243 300 1286 Aiax
327 1243 514 1298 queritur,
549 1242 587 1282 in
620 1239 717 1281 duas
752 1244 880 1296 partes
914 1238 1115 1296 bipartitas
1151 1240 1360 1282 discedunt:
1394 1240 1596 1283 vindictam
1629 1255 1741 1297 quam
1779 1243 1982 1297 quaesierit
2009 1240 2075 1291 (τὰ
2101 1240 2193 1296 μὲν)
2221 1243 2385 1297 perisse,
2419 1254 2491 1298 pro
2519 1255 2564 1283 eo

195 1321 375 1364 magnum
408 1308 525 1347 risum
560 1319 601 1347 se
637 1310 675 1346 et
709 1304 914 1346 ludibrium
947 1304 1087 1346 factum
1122 1319 1221 1355 esse3
1263 1305 1414 1347 stultam
1449 1306 1630 1361 praedam
1665 1306 1814 1361 quidem
1843 1321 1883 1347 se
1909 1305 2058 1355 secisse,
2098 1305 2164 1347 sed
2192 1308 2273 1347 eius
2300 1309 2354 1347 rei
2383 1308 2564 1347 exercitui

196 1373 425 1416 Graecorum
450 1384 538 1413 nece
566 1384 636 1412 sua
662 1383 806 1426 poenas
834 1369 1025 1411 daturum.
1067 1372 1110 1413 Si
1139 1370 1233 1412 forte
1260 1376 1429 1427 correpta
1456 1373 1579 1428 prima
1607 1372 1842 1429 pronominis
1871 1374 1982 1416 τοῖος
2006 1370 2192 1420 offendat,
2227 1370 2466 1412 scribendum
2494 1372 2566 1412 erit

196 1438 327 1484 τόσος.
377 1438 453 1480 Pro
482 1437 587 1492 ὁμοῦ
615 1437 748 1477 coniici
774 1436 898 1492 possit
924 1434 1007 1489 ἐγώ
1034 1435 1094 1476 vel
1123 1435 1238 1491 ἐμοῦ,
1272 1436 1381 1493 idque
1409 1451 1500 1478 sane
1528 1436 1673 1479 facilius
1699 1436 1866 1487 videtur3
1898 1436 1964 1478 sed
1994 1438 2082 1492 quia
2109 1438 2147 1477 in
2176 1436 2414 1492 antistropha
2445 1436 2565 1492 Τροία

194 1503 414 1561 respondet,
453 1508 558 1544 tanta
601 1507 735 1558 poetae
780 1497 1016 1557 aequalitatis
1061 1501 1291 1558 syllabarum
1332 1517 1423 1544 cura
1463 1501 1571 1558 οζιιοι
1613 1502 1807 1560 praefero,
1854 1502 2083 1557 eandemque
2125 1501 2174 1543 ob
2215 1515 2366 1543 causam
2404 1501 2565 1543 fortasse

194 1567 438 1627 προςῇμεθα
465 1567 725 1616 scribendum,
752 1566 819 1608 cfr.
847 1580 883 1609 ν.
913 1566 1005 1610 309.
1034 1567 1126 1611 311.
1156 1568 1245 1611 325.
1289 1569 1343 1610 De
1370 1567 1479 1623 οἶμοι
1506 1569 1571 1610 cfr.
1597 1584 1633 1610 V.
1663 1569 1774 1613 367.;
1802 1567 1910 1623 οἴμοι
1938 1567 2123 1621 γέλωτος.
2158 1567 2221 1608 Ad
2250 1566 2381 1621 γέλως
2405 1570 2470 1609 int.
2501 1574 2566 1609 aut

194 1634 294 1691 εἰμί,
323 1633 446 1690 ἐσμέν
473 1633 556 1689 (cfr.
586 1632 696 1676 ovid.
725 1632 829 1675 Fast.
858 1632 903 1682 l.,
939 1632 1051 1677 438:
1080 1637 1167 1675 deus
1195 1659 1246 1665 —
1273 1639 1431 1676 omnibus
1459 1660 1509 1668 -
1540 1639 1637 1676 risus
1664 1635 1773 1690 erat),
1801 1641 1868 1677 aut
1895 1632 1990 1675 ἐστί.
2047 1633 2189 1675 Totum
2217 1634 2334 1690 igitur
2360 1632 2484 1675 locum
2513 1634 2566 1675 sic

193 1704 439 1757 interpretor:
467 1703 503 1740 si
526 1703 589 1740 illa
618 1702 762 1751 quidem
789 1697 984 1754 (vindicta)
1008 1709 1175 1751 pereunt.
1203 1704 1268 1740 sed
1292 1705 1372 1741 talis
1397 1700 1471 1754 (vel
1499 1710 1636 1751 tantus,
1666 1700 1872 1742 trucidatas
1900 1699 2063 1757 pecudes
2091 1701 2324 1751 monstrans)
2353 1702 2441 1740 vae!
2468 1702 2565 1740 risus

194 1783 286 1817 sum,
316 1769 512 1817 stultaeque
536 1768 701 1817 praedae
728 1767 885 1812 assideo,
914 1772 1006 1803 totus
1033 1773 1146 1804 autem
1173 1770 1341 1805 exercitus
1368 1775 1528 1806 armatus
1555 1782 1666 1806 manu
1693 1782 1746 1806 me
1773 1770 1966 1816 interficiat.
1995 1764 2036 1805 ln
2066 1764 2304 1820 antistropha
2331 1778 2367 1805 v.
2392 1765 2486 1808 424.
2515 1779 2563 1806 ex

194 1831 403 1873 Hermanni
430 1829 520 1871 olim
547 1831 761 1871 coniectura
789 1828 987 1885 legendum
1017 1829 1102 1869 οἷον
1130 1828 1282 1870 οὔτιν’
1311 1831 1338 1871 ἁ
1371 1831 1512 1887 Τροία,
1541 1845 1613 1887 pro
1642 1829 1791 1872 οὔτινα.

724 1893 773 1935 V.
802 1894 913 1937 571.:
946 1893 1093 1951 μέχρις
1116 1893 1164 1936 οὗ
1189 1895 1349 1952 μυχοὺς
1372 1896 1514 1954 κίχωσι
1543 1898 1614 1938 τοῦ
1642 1897 1751 1938 κάτω
1781 1895 1897 1938 θεοῦ.

195 1962 310 2004 Hunc
336 1972 487 2001 versum
515 1972 601 2000 cum
628 1958 691 2000 alii
718 1963 762 1999 ut
789 1959 960 2014 spurium
989 1958 1248 2010 condemnent,
1283 1962 1343 2003 alii
1380 1969 1548 2003 correcto
1584 1964 1695 2019 primi
1731 1961 1838 2018 pedis
1865 1963 1956 2002 vitio
1985 1960 2189 2002 scribentes
2217 1959 2302 2007 ἔπ’
2332 1960 2382 2001 ἂν
2407 1960 2568 2018 μυχοὺς

196 2027 340 2085 κίχωσι
366 2025 439 2066 τοῦ
466 2024 576 2065 κάτω
599 2022 701 2065 θεοῦ
729 2029 919 2072 tueantur,
947 2038 1017 2079 ego
1038 2025 1107 2065 illis
1128 2029 1321 2068 assentior.
1349 2027 1448 2069 Nam
1475 2030 1639 2083 primum
1668 2041 1895 2082 quamquam
1925 2024 2008 2073 ἔπ’
2036 2025 2086 2067 ἄν
2112 2024 2300 2067 interdum
2327 2039 2397 2081 per
2420 2024 2569 2082 μέχρις

198 2090 251 2134 οὗ
279 2090 509 2148 explicatum
536 2094 612 2139 est,
639 2094 763 2131 tamen
792 2088 895 2146 apud
924 2088 1146 2146 Sophoclem
1174 2097 1271 2134 certe
1298 2107 1418 2149 neque
1447 2091 1550 2144 ἔςτε,
1578 2107 1698 2149 neque
1728 2090 1811 2141 ἔπ’
1839 2090 1889 2134 ἄν
1917 2090 2005 2134 alibi
2033 2093 2086 2134 ita
2114 2097 2310 2133 mutatum.
2355 2090 2432 2134 Sed
2462 2090 2565 2148 quod

198 2160 320 2202 maius
349 2162 424 2207 est,
459 2170 537 2199 non
564 2161 663 2198 recte
691 2155 782 2197 mihi
810 2156 939 2198 Aiacis
966 2163 1155 2217 parentes,
1191 2160 1262 2201 nisi
1298 2160 1371 2216 ipsi
1404 2158 1475 2202 sibi
1513 2165 1669 2201 mortem
1704 2159 1955 2208 consciscant,
1989 2157 2061 2199 dici
2099 2157 2274 2198 videntur
2308 2156 2470 2216 μυχοὺς
2495 2158 2565 2198 τοῦ

197 2226 308 2266 κάτω
338 2224 441 2264 θεοῦ
469 2224 606 2279 κιχεῖν.
661 2221 759 2262 Nam
787 2224 856 2262 etsi
885 2224 995 2262 etiam
1025 2239 1057 2261 v.
1087 2223 1175 2265 657.
1202 2225 1339 2279 μολών
1367 2240 1410 2266 τε
1431 2229 1577 2283 χῶρον
1605 2224 1698 2266 ἔνθ’
1726 2225 1775 2265 ἂν
1803 2224 1949 2282 ἀστιβῆ
1978 2224 2094 2280 κίχω,
2123 2230 2160 2264 et
2187 2223 2278 2265 Eur.
2307 2224 2444 2265 Bacch.
2472 2224 2565 2268 896.

197 2289 327 2331 Herm.
355 2286 494 2342 λιμένα
522 2286 564 2328 δ’
593 2285 736 2345 ἔκιχεν,
765 2287 838 2329 hoc
865 2287 1020 2329 verbum
1048 2303 1129 2330 cum
1158 2289 1226 2332 loci
1255 2293 1465 2333 accusativo
1493 2293 1662 2334 iunctum
1691 2296 1769 2340 est,
1803 2296 1928 2332 tamen
1955 2288 2161 2344 utrubique
2197 2291 2338 2346 petitur
2372 2288 2478 2333 locus
2506 2288 2565 2332 ille

198 2360 235 2397 et
263 2355 478 2410 quaeritur,
507 2358 550 2395 ut
576 2353 680 2395 Aiax
710 2352 859 2408 quidem
887 2352 959 2395 dici
986 2356 1107 2410 possit
1131 2355 1288 2412 μυχοὺς
1312 2360 1435 2415 κιχεῖν
1464 2358 1534 2400 τοῦ
1562 2358 1672 2399 κάτω
1702 2357 1820 2407 θεοῦ,
1849 2364 2023 2412 parentes
2051 2357 2132 2397 eius
2160 2369 2236 2397 non
2265 2357 2362 2397 item.
2420 2354 2564 2404 Quodsi

198 2420 292 2461 haec
318 2427 416 2460 recte
444 2418 656 2474 disputavi,
684 2420 818 2459 merito
847 2421 916 2460 iste
945 2433 1075 2460 versus
1101 2435 1123 2460 a
1150 2423 1239 2461 viris
1266 2422 1490 2481 doctissimis
1517 2423 1788 2464 condemnatus
1816 2429 1883 2462 est.

680 2485 728 2526 V.
748 2483 840 2528 798.
870 2500 918 2526 s.:
947 2484 1065 2542 τήνδε
1093 2484 1133 2525 δ’
1161 2484 1301 2533 ἔξοδον

946 2549 1187 2605 ὀλεθρίαν
1213 2549 1382 2597 Αἴαντος
1407 2551 1592 2601 ἐλπίζει
1620 2551 1776 2608 φέρειν,

615 2621 653 2658 et
680 2631 714 2656 v.
742 2614 836 2659 800.
865 2629 914 2657 s.:
943 2615 1014 2656 τοῦ
1048 2614 1285 2672 θεστορείου
1311 2617 1505 2671 μάντεως,
1537 2616 1639 2660 καθ’
1664 2616 1823 2675 ἡμέραν

945 2681 1017 2738 τὴν
1046 2682 1114 2721 νῦν
1141 2679 1211 2721 ὅτ’
1238 2680 1350 2735 αὐτῷ
1378 2681 1552 2724 θάνατον
1578 2682 1605 2741 ἢ
1631 2682 1727 2737 βίον
1755 2682 1924 2739 φέρει,

198 2760 385 2788 consensu
403 2745 505 2796 libri,
532 2748 604 2788 nisi
624 2746 727 2803 qnod
749 2762 782 2788 ν.
803 2746 896 2790 801.
924 2760 996 2803 pro
1017 2746 1080 2787 ὅτ’
1107 2746 1221 2788 Laur.
1245 2745 1279 2787 b.
1302 2746 1400 2788 Flor.
1420 2746 1462 2789 Γ.
1480 2748 1560 2790 Pal.
1583 2749 1710 2805 Mosq.
1730 2748 1767 2790 b.
1791 2748 1863 2790 len.
1891 2748 1973 2806 ἥτ’,
2003 2749 2045 2790 Δ.
2066 2751 2092 2807 ἢ
2114 2749 2152 2790 τ’
2175 2756 2212 2791 et
2235 2749 2389 2805 φέρειν.
2418 2748 2565 2791 Horum

198 2825 377 2854 versuum
405 2811 604 2868 explicatio
635 2826 730 2869 quae
759 2812 934 2854 omnibus
962 2811 1145 2869 probetur
1172 2811 1339 2853 nondum
1367 2819 1424 2854 est
1449 2814 1610 2870 prolata.
1635 2814 1737 2857 Mihi
1765 2816 1819 2857 sic
1844 2814 1994 2856 videtur
2022 2814 2278 2857 scribendum:

1182 2877 1322 2934 ’τήνδε
1351 2878 1391 2918 δ’
1418 2877 1560 2926 ἔξοδον

946 2942 1138 3000 ὀλέθρι’
1167 2942 1290 2999 ἀμφ’
1318 2941 1484 2990 Αἴαντος
1508 2944 1719 2995 ἐλπίζειν
1747 2944 1903 3002 φέρειν,

198 3015 291 3053 hunc
318 3014 448 3053 em'mm
464 3015 651 3064 funestam
679 3012 722 3052 de
750 3014 861 3052 Aiace
888 3026 986 3065 spem
1014 3014 1163 3064 afferre;
1192 3016 1229 3051 et

946 3078 1015 3117 τοῦ
1048 3075 1290 3131 Θεστορείου
1315 3076 1517 3128 μάντεως·
1545 3075 1642 3118 καθ’
1671 3077 1828 3134 ἡμέραν

946 3143 1015 3198 τὴν
1044 3143 1112 3183 νῦν
1140 3139 1207 3183 ἔτ’
1235 3140 1347 3196 αὐτῷ
1378 3126 1551 3183 θάνατοῗι
1577 3142 1609 3200 ἢ
1631 3141 1725 3196 βίον
1754 3143 1941 3199 φέρειν.
