2720 3459
1380 129 1443 177 30

690 277 739 320 V.
772 277 860 323 113.
890 295 939 321 s.:
967 277 1186 335 σιγήσομαί
1210 294 1281 328 τε,
1309 277 1374 319 καὶ
1401 275 1451 318 σύ
1476 274 1527 330 μ’
1553 272 1604 322 ἐξ
1626 272 1728 315 ὁδοῦ
1756 273 1883 315 πόδα

967 342 1127 400 κρύφον
1155 342 1244 385 κατ’
1271 341 1404 388 ἄλσος.

223 408 338 452 Nulla
364 409 426 451 hie
449 408 520 450 suit
544 421 661 450 eausa
681 408 855 451 Nauekio
882 409 929 450 de
956 408 1000 450 τέ
1026 408 1211 465 particula
1237 405 1449 454 dubitandi,
1474 418 1554 446 non
1580 405 1702 460 magis
1729 417 1842 459 qnam
1867 418 1904 445 v.
1924 403 2023 453 494,
2051 402 2118 444 ubi
2136 404 2279 458 pariter
2296 402 2463 446 offendit
2491 403 2592 445 ldem

224 474 301 517 fere
323 480 382 517 est
401 489 461 517 ae·
488 473 707 529 σιγήσομαί
727 490 771 517 τε
792 475 858 517 καὶ
881 476 957 517 σοῦ
980 473 1210 532 ἡγουμένης
1228 471 1375 530 κρύψω
1396 469 1585 526 ἐμαυτόν,
1611 468 1843 525 ἠκούσαμέν
1861 484 1905 512 τε
1923 468 1988 511 καὶ
2008 468 2216 525 δράσομεν
2241 468 2270 510 ὅ
2288 482 2323 510 τι
2342 468 2591 525 προς-τάξεις.

225 538 304 585 Sed
322 542 540 597 corruptum
561 543 620 582 est
637 538 761 593 πόδας
787 553 875 583 nam
894 539 1100 583 Hei-manni
1121 540 1346 582 coniectura:
1372 535 1439 578 καὶ
1459 533 1509 578 σύ
1534 549 1616 593 μου
1624 534 1664 584 ’ξ
1687 534 1788 577 ὁδοῦ
1816 534 1922 578 πόδα
1949 533 2121 593 κρύφον,
2148 535 2282 576 merito
2302 546 2381 575 non
2403 533 2592 576 satisfecit.

226 607 304 649 Sed
331 621 399 648 nee
425 606 707 648 Schneidewini
738 607 846 663 πέρα
881 622 954 663 pro
988 607 1092 648 πόδα
1125 621 1192 647 nee
1227 604 1329 661 quod
1354 603 1484 659 paullo
1510 603 1644 643 melius
1671 610 1730 643 est
1755 603 1940 657 Karajani
1966 601 2093 647 πέλας·
2115 601 2270 656 probari
2295 605 2432 656 potest.
2489 601 2592 642 Seri-

225 671 407 716 bendum:
434 670 502 715 καὶ
529 669 581 716 σύ
608 670 657 729 μ’
685 670 734 722 ἐξ
759 671 860 716 ὁδοῦ
890 671 1005 716 τόδε
1034 673 1039 730 Ι
1069 670 1226 730 κρύῴον
1252 667 1343 712 κατ’
1370 666 1505 716 ἄλσος.
1534 666 1612 712 Cfr.
1639 682 1675 709 v.
1704 666 1789 713 98..

756 761 802 804 V.
831 762 925 807 277.
953 776 1003 805 s.:
1029 760 1095 803 καὶ
1119 759 1175 818 μὴ
1206 756 1392 804 θεοὺςτι
1326 771 1550 864 ω’μωντες
1576 756 1663 800 εἶτα
1689 756 1787 803 τοὺς
1813 755 1941 802 θεους

1029 829 1212 883 μοῖραν
1238 839 1340 865 ποιει
1446 823 1663 882 μηδαμῶς.

225 893 289 934 Sic
316 893 486 949 plerique
514 907 599 934 eum
626 892 827 943 Triclini03
864 899 1005 935 veteres
1039 891 1122 933 libri
1154 889 1337 946 μοίραις,
1371 904 1473 931 unus
1498 889 1662 945 μοίρας.
1716 889 1833 931 Recte
1867 888 2008 930 dictum
2042 888 2140 930 foret
2166 888 2211 930 ἐν
2234 889 2364 946 μοίρᾳ
2388 889 2592 932 ποιεῖσθαι

221 956 430 1015 μηδεμιᾷ,
461 960 614 1014 μοῖραν
639 958 861 1015 μηδεμίαν;
896 957 939 1000 ἐν
963 957 1090 1013 μοίρᾳ
1125 961 1190 998 aut
1219 956 1371 1011 μοῖραν
1397 953 1602 997 ποιεῖσθαι
1633 954 1839 1013 μηδαμῶς
1867 959 1967 997 recte
2001 953 2074 996 dici
2100 968 2179 996 non
2204 961 2299 1011 puto
2326 956 2400 997 nisi
2426 956 2592 1012 genitivo

225 1023 275 1067 ad
300 1023 431 1081 μοίρᾳ
464 1022 525 1066 vel
549 1025 700 1080 μοῖραν
735 1023 876 1066 addito.
931 1022 1007 1066 Sed
1032 1028 1076 1064 ut
1100 1021 1172 1063 hoc
1198 1022 1362 1071 mittam,
1390 1035 1523 1063 vereor
1550 1036 1597 1064 ne
1625 1022 1856 1067 munatium
1887 1019 2029 1063 dictum
2062 1021 2113 1063 sit
2147 1021 2228 1063 eius
2264 1019 2368 1077 quod
2395 1020 2592 1064 dicendum

225 1095 325 1132 erat:
354 1086 442 1131 nam
466 1089 526 1147 μὴ
554 1088 653 1134 τοὺς
678 1087 806 1135 θεοὺς
829 1091 980 1145 μοῖραν
1005 1086 1186 1130 ποιεῖσθε
1210 1086 1414 1145 μηδαμῶς
1438 1092 1513 1129 est:
1542 1090 1648 1129 nolite
1674 1090 1759 1128 deos
1786 1090 1825 1127 in
1851 1090 1924 1128 ullo
1951 1101 2095 1127 numero
2122 1089 2260 1135 habere,
2287 1100 2373 1128 eum
2393 1086 2591 1130 dicendum

227 1160 343 1196 esset:
371 1158 476 1195 noli‘te
502 1169 561 1195 eos
588 1158 627 1194 in
649 1158 746 1194 nullo
773 1169 919 1195 numero
946 1158 1080 1195 habere.
1114 1154 1241 1208 ltaque
1268 1153 1388 1195 multo
1415 1158 1586 1209 praestat
1611 1152 1715 1209 quod
1741 1147 1936 1195 Nauckiu's
1963 1166 2014 1194 ex
2041 1154 2254 1194 coniectura
2281 1152 2401 1195 dedit:
2428 1154 2494 1195 καὶ
2519 1156 2592 1212 μή,

225 1220 355 1267 θεοὺς
386 1222 600 1275 τιμῶντες,
641 1218 729 1262 εἶτα
765 1217 863 1265 τοὺς
903 1217 1031 1265 θεοὺς
1066 1217 1164 1274 μαύ
1169 1233 1296 1275 ρους
1325 1217 1511 1261 ποιεῖσθε
1542 1217 1762 1277 μηδαμῶς;
1796 1217 1863 1261 sed
1896 1219 2020 1260 virum
2055 1216 2314 1260 doctissimum
2350 1232 2463 1275 spero
2500 1219 2592 1261 mihi

228 1300 472 1329 assensurum
499 1284 694 1327 scribenti:

930 1340 995 1380 καὶ
1020 1339 1076 1396 μὴ
1105 1337 1230 1384 θεοὺς
1255 1340 1449 1393 τιμῶντες
1473 1336 1561 1380 εἶτα
1588 1336 1840 1384 τοὺςθεοὺς

227 1472 281 1512 De
309 1473 493 1513 sententia
520 1470 585 1512 cfr.
615 1470 753 1512 Aesch.
783 1419 1045 1527 SupprSeS‘S‘?
1054 1401 1628 1526 vgefgf‘gzzhlfvssssfff’gmu

752 1558 802 1600 V.
831 1558 942 1603 309.:
972 1557 1030 1604 τίς
1055 1559 1133 1614 γὰρ
1161 1557 1345 1603 ἐσθλὸς
1371 1557 1449 1615 οὐχ
1475 1558 1589 1614 αὐτῷ
1619 1559 1754 1614 φίλοςς

223 1625 419 1669 Nauekius
446 1623 597 1670 ἐσθλός
621 1625 772 1667 nomine
799 1623 966 1666 offensus
994 1623 1111 1666 dedit:
1147 1622 1205 1670 τίς
1230 1623 1309 1681 γὰρ
1338 1620 1447 1666 ἔσθ’
1481 1622 1537 1671 ὃς
1567 1623 1645 1684 οὐχ
1672 1623 1785 1680 αὐτῷ
1815 1623 1949 1681 φίλσςς
1982 1624 2038 1667 At
2070 1638 2142 1682 pro
2171 1624 2218 1671 ὅς
2251 1626 2289 1667 in
2316 1621 2481 1682 generali
2510 1639 2594 1667 sen-

223 1694 341 1735 tentia
368 1691 530 1734 debebat
556 1705 639 1733 esse
667 1691 787 1740 ὅστις,
815 1696 860 1732 ut
886 1690 978 1733 Oed.
1004 1691 1053 1733 R.
1079 1690 1170 1735 463.
1196 1691 1317 1734 Thuc.
1346 1690 1385 1741 3,
1407 1690 1473 1742 39,
1495 1689 1535 1736 6.
1564 1690 1815 1733 Scribendum
1842 1692 1959 1748 igitur
1985 1695 2067 1733 erat
2091 1692 2239 1748 potius:
2267 1690 2328 1737 τίς
2352 1690 2433 1747 γὰρ
2461 1690 2597 1739 ὅςτις

223 1758 302 1816 οὐχ
328 1750 445 1813 αὐτῷ
471 1756 609 1813 φίλος;
643 1762 687 1799 ut
712 1757 816 1799 Men.
843 1763 954 1799 mon.
971 1756 1081 1800 407.;
1108 1756 1184 1798 οὐκ
1212 1754 1317 1799 ἔστιν
1344 1755 1483 1803 οὐδεὶς
1507 1757 1617 1806 den<
1641 1756 1718 1815 οὐχ
1745 1756 1858 1813 αὐτῷ
1887 1756 2014 1812 φίλος.
2043 1756 2120 1799 Cfr.
2145 1756 2252 1800 Aiac.
2283 1757 2399 1802 1366.
2429 1756 2511 1800 67..

753 1844 803 1885 V.
831 1845 924 1887 525.
953 1860 1005 1885 s.:
1032 1847 1135 1901 κακᾷ
1160 1845 1209 1899 μ’
1236 1846 1354 1902 εὐνᾷ
1381 1845 1494 1891 πόλις
1518 1844 1640 1886 οὐδὲν
1667 1842 1771 1900 ἴδριν

1038 1911 1178 1964 γάμων
1206 1910 1394 1968 ἐνέδησεν
1417 1910 1509 1967 ἄτᾳ.

223 1975 328 2018 Libri
350 1974 428 2030 μὲν
452 1974 567 2032 εὐνᾷ,
594 1973 666 2018 Lb.
692 1974 744 2030 μ’
771 1972 886 2032 εὐνᾷ,
916 1981 959 2016 ut
986 1989 1008 2017 a
1035 1989 1092 2017 me
1119 1980 1157 2017 et
1181 1975 1228 2017 ab
1250 1975 1331 2018 aliis
1353 1977 1559 2018 coniectum
1578 1980 1677 2027 erat,
1705 1989 1749 2017 ac
1766 1975 1882 2033 vulgo
1902 1988 2003 2017 nune
2022 1976 2077 2017 sic
2095 1975 2231 2017 editur.
2261 1976 2453 2034 Corrupta
2471 1985 2596 2018 tamen

223 2041 286 2082 illa
312 2048 430 2096 puto3
464 2054 554 2080 nain
582 2038 687 2094 quod
715 2038 1030 2080 Schneidewinus
1064 2041 1167 2096 κακᾷ
1194 2040 1292 2097 εὐνᾷ
1319 2048 1356 2082 et
1388 2042 1532 2096 γᾶμων
1558 2040 1638 2098 ἄτᾳ
1671 2043 1755 2097 pari
1789 2043 1935 2082 ratione
1970 2041 2060 2082 dicit
2093 2041 2142 2082 ad
2177 2041 2368 2098 ἐνέδησεν
2400 2041 2596 2087 referenda

223 2120 322 2156 esse,
350 2105 417 2147 sed
436 2104 596 2147 alterum
615 2106 756 2161 prioris
778 2106 1002 2147 sententiam
1029 2104 1281 2148 vehementius
1308 2108 1531 2164 exprimere,
1557 2107 1650 2149 mihi
1668 2120 1747 2150 non
1767 2105 1971 2164 probatum
1997 2120 2118 2163 neque
2144 2120 2235 2148 vero
2263 2106 2369 2163 κακᾷ
2395 2104 2496 2164 εὐνᾷ
2522 2120 2594 2163 pro

222 2173 461 2215 instrumenti
488 2170 617 2214 dativo
645 2170 776 2214 haberi
804 2176 944 2228 potest.
972 2170 1185 2213 Scholiasta
1212 2171 1301 2229 quid
1327 2172 1477 2231 legerit,
1504 2186 1583 2215 non
1610 2177 1779 2230 apparet.
1808 2171 1904 2215 Mihi
1931 2170 2168 2214 scribendum
2198 2170 2364 2214 videtur:

1016 2239 1122 2294 κακᾷ
1147 2237 1305 2296 μοίρᾳ
1332 2238 1444 2286 πόλις
1468 2239 1590 2282 οὐδὲν
1616 2236 1722 2296 ἴδριν

1018 2304 1161 2360 γάμων
1189 2303 1376 2363 ἐνέδησεν
1403 2305 1499 2364 ἄτᾳε,

225 2387 311 2414 nam
340 2374 563 2430 pronomine
588 2386 644 2427 με
671 2370 778 2413 facile
805 2385 934 2414 carere
961 2384 1187 2428 possumus,
1215 2372 1273 2412 sin
1300 2374 1439 2422 minus,
1467 2378 1555 2430 post
1581 2373 1725 2428 γάμων
1750 2377 1878 2429 potest
1905 2370 2042 2414 inferri.
2093 2370 2207 2429 Κακῇ
2232 2371 2361 2429 μοίρᾳ
2390 2372 2429 2415 id
2457 2373 2595 2416 factum

225 2437 331 2486 dicit,
360 2439 449 2494 quia
477 2442 515 2479 et
541 2437 636 2480 Laio
663 2439 763 2494 patri
792 2441 830 2480 et
856 2438 929 2494 ipsi
958 2435 1113 2480 oraculo
1141 2436 1372 2493 praedictum
1399 2445 1497 2489 erat,
1526 2437 1620 2482 Oed.
1647 2438 1696 2481 R.
1726 2438 1818 2483 791.
1849 2436 2030 2481 Similiter
2055 2450 2091 2480 v,
2119 2437 2211 2482 547.
2239 2452 2311 2495 pro

882 2503 964 2543 καὶ
991 2502 1086 2558 γὰρ
1116 2500 1294 2547 ἄλλους
1320 2502 1519 2558 ἐφόνευσα
1542 2504 1608 2545 καὶ
1637 2502 1792 2545 ὤλεσα·

885 2567 997 2623 νόμῳ
1028 2566 1075 2608 δὲ
1103 2564 1293 2623 καθαρὸς
1317 2565 1451 2624 ἄϊδρις
1475 2569 1536 2615 εἷς
1561 2568 1646 2610 τόδ’
1668 2566 1810 2626 ἦλθον,

227 2631 349 2689 legam
374 2632 528 2690 μοίρᾳ
555 2632 705 2678 ἁλοὺς
730 2631 937 2689 ἐφόνευσα
965 2632 1032 2673 καὶ
1060 2631 1209 2681 ὤλεσα,
1238 2630 1304 2673 cfr.
1334 2631 1424 2674 Oed.
1448 2633 1498 2675 R.
1518 2633 1609 2678 713.
1630 2633 1723 2678 793.
1753 2634 1928 2675 Ceterum
1956 2647 2041 2676 cum
2069 2647 2129 2676 vv.
2149 2635 2243 2677 525.
2264 2635 2328 2678 26.
2358 2640 2397 2676 et
2415 2635 2507 2678 547.
2528 2636 2593 2679 48.

228 2699 431 2738 sententiae
452 2698 520 2739 sibi
542 2698 810 2753 respondeant,
838 2698 1034 2754 probabile
1055 2703 1114 2739 est
1142 2712 1175 2738 v.
1196 2697 1288 2741 523.
1310 2711 1381 2752 pro
1408 2698 1667 2754 αὐθαίρετον,
1697 2699 1800 2755 quod
1827 2713 1948 2755 neque
1976 2707 2097 2742 metro
2123 2714 2245 2755 neque
2273 2702 2477 2742 sententiae
2505 2714 2595 2742 con·

228 2763 346 2811 venit,
381 2761 614 2804 scribendum
644 2778 724 2805 esse
752 2762 1002 2820 ἀκάθαρτον,
1039 2761 1101 2819 (cf.
1129 2760 1322 2818 καθαρὸς
1347 2776 1380 2801 v.
1403 2761 1509 2818 548.)
1544 2763 1645 2820 quod
1672 2766 1783 2806 etiam
1812 2763 1857 2807 G.
1888 2763 2090 2806 Wolffium
2125 2765 2326 2806 coniecisse
2354 2778 2404 2806 ex
2432 2762 2593 2806 Nauckii

228 2828 470 2870 annotatione
508 2827 683 2886 intelligo.
739 2829 939 2872 Praeterea
973 2831 1011 2871 in
1043 2828 1117 2870 hoe
1150 2826 1301 2884 κομμῷ
1334 2828 1476 2884 pariter
1510 2843 1553 2871 ac
1579 2829 1774 2873 Nauekius
1802 2847 1836 2873 v.
1863 2831 1955 2875 516.
1983 2845 2054 2888 pro
2083 2830 2228 2890 ἀναιδῆ
2265 2830 2391 2873 malim
2419 2829 2591 2876 ἄναυδα,

226 2909 261 2935 v.
291 2894 383 2937 521.
410 2906 484 2949 pro
511 2892 678 2951 ἤνεγκον
706 2894 814 2936 ἄκων
842 2895 1081 2937 scribendum
1106 2899 1221 2951 puto:
1250 2892 1418 2951 ἤνεγκον
1446 2892 1559 2951 ἄδην.

670 2969 714 3010 V.
744 2971 834 3014 755.
860 2985 931 3013 ss.:
970 2972 1058 3013 ἀλλ’
1085 2971 1142 3013 οὐ
1171 2970 1267 3026 γὰρ
1297 2967 1380 3011 ἔστι
1407 2970 1595 3029 τάμφανῆ
1623 2973 1822 3029 κρύπτειν,
1851 2973 1901 3015 σύ
1931 2989 1999 3016 νυν

969 3039 1076 3094 πρὸς
1102 3036 1215 3079 θεῶν
1242 3034 1460 3092 πατρῴων,
1492 3035 1687 3088 Οἰδίπους,
1716 3039 1899 3086 πεισθεὶς
1924 3031 2014 3094 ἐμοὶ

970 3103 1139 3158 κρύψον.
