2720 3459
1222 208 1339 256 ν21

130 367 209 408 lan
235 362 431 417 quaeritur
456 360 668 414 πράττορα
701 365 741 401 et
771 360 920 401 σκοπόν
945 363 1139 402 nominum
1167 366 1296 403 utrum
1322 360 1565 407 adiectivun,
1599 365 1727 402 unam
1760 359 2037 401 substantivum
2067 361 2129 400 sit.
2184 358 2259 400 Per
2291 373 2333 400 se
2367 361 2491 414 ipsum

131 434 334 483 utrimque
358 436 442 466 etse
464 426 611 481 potest,
638 421 705 465 sed
722 422 806 466 coll.
831 438 867 464 v.
886 423 986 473 366,
1011 425 1078 468 nbi
1097 425 1248 469 σκοπόν
1267 424 1456 476 ιῶιῶνὶ,
1482 422 1643 482 φύλακα
1669 423 1896 467 substantivi
1920 422 2004 466 loeo
2030 431 2105 475 est,
2130 424 2255 481 magis
2273 437 2321 466 eo
2341 423 2491 476 induo,

132 499 176 536 ut
201 492 411 549 πράκτορα
444 488 719 531 substantivum
753 502 835 530 esse
860 495 1009 546 putem,
1042 494 1082 533 et
1112 492 1168 534 sie
1199 492 1398 549 aptissima
1428 495 1490 533 est
1520 488 1726 532 Her-anni
1760 490 1959 547 sciptura.
2013 488 2142 532 Minus
2175 493 2303 532 tamen
2336 505 2359 532 a
2385 488 2490 533 libris

131 558 295 602 discedet
321 554 523 610 πράκτορ’
548 553 635 595 ἅνω
662 555 812 595 ωιοπόν
839 555 900 607 (ef.
927 555 1035 609 366.)
1062 558 1138 606 vel,
1164 557 1269 612 quod
1295 557 1407 606 malo,
1434 556 1637 612 πράκτορ’
1664 556 1729 596 ἀεὶ
1754 555 1917 596 σκοπόν.
1971 554 2051 596 Sed
2076 555 2226 596 σκοπόν
2252 554 2414 596 fortasse
2439 568 2492 596 ex

131 622 241 665 simili
266 621 350 662 loeo
377 634 415 659 v.
433 616 528 662 366.
555 617 632 659 huc
653 616 799 659 illatum
820 623 897 667 est,
923 633 1007 660 cum
1033 623 1214 678 scriptum
1240 630 1341 663 esset
1358 620 1494 672 abror.
1525 619 1574 662 V.
1594 620 1689 665 626.
1711 635 1745 661 ε.
1769 634 1893 676 neq-e
1918 625 2080 661 mm
2104 625 2203 661 reete
2227 619 2361 671 hebet,
2386 620 2493 676 quud

130 690 199 731 etsi
227 699 276 730 ex
302 690 411 742 parte
436 688 535 727 certe
562 683 823 740 δυςπόλεμον,
851 684 920 726 τόν
946 684 1153 736 scribendo,
1187 692 1232 730 nt
1258 686 1438 731 Butlerue
1463 685 1603 739 voluit,
1636 684 1827 729 emendari
1854 689 1998 743 potest,
2028 689 2154 727 temen
2179 690 2349 728 exn-eno
2376 699 2492 728 versu

132 756 238 796 hiatu
262 755 409 808 peccat,
434 763 556 806 neque
583 751 767 792 sentenia
791 755 948 805 propter
971 751 1198 805 μιαίνοντα,
1233 753 1337 807 quod
1362 752 1591 796 Sfflretzins
1616 765 1696 794 non
1722 751 1818 793 male
1845 754 1885 792 in
1911 750 2142 792 notationum
2166 753 2300 794 mutoei
2326 750 2489 793 volebat.

132 819 387 865 Hermannus‚
421 815 598 871 quoniam
631 814 772 871 βαρὺς
797 813 840 855 δ’
867 813 995 871 ἐφίζει
1021 818 1210 872 sequitur,
1244 816 1458 861 credibilius
1482 832 1565 861 esse
1590 823 1701 860 ratus
1726 816 1946 873 simpliciter
1971 814 2127 858 vebum
2153 814 2255 871 quod
2281 830 2489 859 commora—

132 886 269 926 tionem
296 880 476 923 indicaret
501 881 668 937 positum
694 879 828 931 fuisse,
862 882 1012 939 scripsit
1037 881 1345 942 δυσπολέμητον,
1380 883 1490 933 ὅςτις
1512 876 1566 927 ἂν
1591 883 1723 941 δόμος
1754 881 1842 942 ἔχῃ
1878 882 1963 939 σφ’
1990 880 2050 924 ἐπ’
2079 880 2245 939 ὀρόφων
2273 880 2489 924 ῐαόοντα.

134 951 174 990 ln
202 950 260 989 his
287 948 437 988 minime
463 946 556 987 mihi
583 946 724 988 arridet
750 947 861 991 ὅστις
888 945 939 987 ἂν
964 947 1094 1001 δόμος
1109 971 1182 997 —-‚
1209 962 1514 1006 quaecunque
1541 950 1725 999 domus,
1751 962 1875 1004 neque
1903 947 2030 989 ἰαύειν
2056 948 2148 989 satis
2176 952 2306 1002 aptum
2332 947 2488 989 videtur.

133 1014 277 1069 Magis,
306 1018 349 1052 ut
376 1024 500 1066 spero,
526 1010 686 1066 placebit
714 1010 818 1066 quod
845 1025 917 1068 ego
945 1013 1101 1054 conieci:

366 1078 372 1083 ”
833 1076 1142 1135 δυςπολέμητον,
1170 1078 1222 1120 ὃν
1249 1080 1322 1126 τίς
1346 1080 1395 1122 ἂν
1422 1080 1550 1135 δόμος
1573 1078 1710 1138 ἔχειν

514 1178 516 1181 .
830 1141 1094 1199 ἐπ’,ὀρόφων
1119 1143 1374 1195 λιλαίοιτος
1398 1144 1538 1202 βαρὺς
1562 1144 1604 1186 δ’
1631 1144 1773 1201 ἐφίζει,

133 1222 264 1262 quem
293 1220 520 1261 quaenam
549 1206 711 1248 domus
739 1220 882 1263 super
907 1213 1031 1249 tecto
1058 1208 1229 1251 habere
1256 1210 1414 1253 aveat?
1441 1216 1508 1253 am
1534 1209 1679 1252 Butleri
1704 1211 1919 1251 coniectura
1945 1213 2114 1264 recepta:

831 1271 1156 1327 δυςπόλεμον,
1191 1274 1271 1315 τὸν
1297 1273 1432 1322 οὔτις
1455 1275 1505 1317 ἂν
1531 1274 1659 1329 δόμος
1684 1272 1818 1332 ἔχειν

830 1336 896 1379 ἐπ’
923 1337 1095 1394 ὀρόφων
1119 1338 1375 1399 λιλαίοιτο·
1400 1339 1540 1397 βαρὺς
1564 1339 1601 1382 δ’
1627 1339 1769 1396 ἐφίζει.

134 1402 241 1441 Prius
269 1407 394 1442 tamen
420 1402 610 1458 praeser03
637 1401 744 1442 facile
770 1404 869 1442 enim
896 1410 1054 1459 apparet
1080 1405 1145 1460 qui
1172 1403 1308 1446 factum
1335 1407 1385 1446 sit
1409 1411 1455 1447 ut
1478 1405 1538 1451 τίς
1563 1407 1602 1446 in
1628 1403 1739 1450 οὔτις
1762 1409 1984 1447 mutaretur.
2031 1401 2266 1443 Λιλαίεσΰαι
2293 1402 2356 1443 hic
2382 1401 2494 1458 plane

132 1470 184 1508 sic
211 1469 375 1521 positum
403 1475 447 1510 ut
472 1467 586 1510 Hom.
616 1466 690 1509 Od.
720 1484 754 1516 ο,
782 1468 881 1511 327:
908 1467 934 1524 ἦ
963 1469 1014 1510 σύ
1042 1485 1091 1522 γε
1118 1471 1250 1527 πάγχυ
1274 1471 1434 1512 λιλαίεαι
1461 1470 1600 1512 αὖτόὸἱ
1627 1470 1815 1519 ὀλέσθαι,
1844 1485 1928 1511 cum
1956 1472 2078 1512 ironia
2105 1468 2282 1523 quadam.

308 1531 435 1577 Laude
462 1534 564 1576 omni
590 1534 711 1577 maior
738 1538 797 1577 cst
822 1532 1052 1579 admirabilis
1077 1533 1282 1580 Hermanni
1308 1542 1568 1595 corruptorum
1595 1535 1798 1582 verborum
1825 1534 2036 1581 emendatio
2063 1550 2097 1577 v.
2127 1534 2227 1581 752:

756 1599 799 1638 τὺ
824 1602 902 1639 πᾶν
930 1599 971 1639 δ’
998 1600 1194 1656 ἀφάντώς
1214 1601 1393 1660 ἀμπετὴς
1417 1603 1477 1648 εἷς
1500 1601 1589 1650 ἇος,
1617 1603 1680 1649 ὡς
1706 1603 1713 1657 Ι
1741 1602 1862 1653 κόνις,

132 1679 214 1706 cum
249 1665 303 1707 M.
340 1665 478 1707 habeat
511 1663 693 1720 ἄφαντος
724 1664 934 1718 ἀμπήσαια
966 1664 1102 1711 δόσως
1131 1667 1257 1717 κόνις,
1299 1667 1343 1711 E.
1377 1668 1422 1712 G.
1455 1667 1633 1724 ἄφαντος
1667 1668 1904 1726 ἀμπειήσας
1935 1667 2074 1712 δόσως
2104 1665 2248 1720 (ὃόσας
2273 1666 2337 1718 G.)
2373 1665 2491 1717 κόνις,

131 1730 227 1772 Rob.
256 1729 433 1787 ἄραντος·
457 1730 713 1788 ἀμπετὴσαο’
740 1730 802 1777 ὡς
824 1730 945 1782 κόνις,
972 1730 1015 1774 Ρ.
1038 1730 1221 1788 ἄφαντος
1245 1732 1476 1789 ἀμπετάσας
1500 1733 1547 1776 δὲ
1573 1733 1691 1780 κόνις.
1719 1732 1764 1776 ld
1790 1739 1916 1776 tamen
1943 1732 2075 1776 dubito
2104 1746 2154 1775 an
2181 1729 2364 1788 ἄφαντος
2388 1730 2492 1774 nulla

130 1798 347 1838 necessitate
373 1803 530 1853 propter
556 1795 832 1852 antistropham
859 1798 898 1837 in
925 1797 1119 1852 ἀφάντως
1151 1804 1333 1841 mutatum
1361 1802 1426 1847 sit3
1467 1802 1524 1841 sin
1551 1813 1640 1842 vero
1668 1799 1817 1855 syllaba
1844 1800 1960 1855 longa
1986 1801 2218 1854 requiratur,
2253 1811 2300 1838 an
2327 1802 2493 1853 praestet

133 1862 175 1901 τὸ
205 1864 279 1902 πᾶν
308 1861 489 1916 ἄφαντος
514 1861 555 1902 δ’
584 1862 765 1918 ἀμπετὴς
788 1861 867 1902 κτλ.

640 1926 687 1969 V.
717 1926 808 1971 762.
838 1940 888 1968 s.:
916 1926 1043 1970 πόθεν
1070 1927 1119 1970 δέ
1142 1944 1214 1984 μοι
1241 1930 1378 1985 γένοιτ’
1404 1930 1453 1973 ἂν
1479 1930 1651 1988 αἰθέρος
1677 1930 1841 1988 θρόνος,

915 1995 1021 2052 πρὸς
1046 1994 1092 2036 ὃν
1120 1996 1243 2055 νέφη
1270 1996 1313 2038 δ’
1341 1997 1491 2055 ὑδρηλὰ
1518 1997 1691 2051 γίγνεται
1712 1998 1831 2055 χιών.

132 2060 194 2102 Sic
222 2061 296 2102 fere
323 2062 427 2110 fibri,
462 2063 534 2102 nisi
563 2061 666 2115 quod
694 2061 864 2114 γείνεται
898 2061 955 2103 vel
983 2061 1131 2114 γίνεται
1158 2062 1209 2104 ibi
1236 2064 1413 2118 scriptum
1440 2068 1507 2104 est.
1562 2062 1802 2104 Hermannus
1837 2076 1922 2103 cum
1956 2062 2045 2105 olim
2071 2063 2288 2104 coniecisset
2315 2061 2421 2114 πρὸς
2446 2059 2492 2101 ὃν

132 2126 252 2183 νέφη
298 2125 344 2167 ‹9’
391 2125 576 2184 ὑδρὴλ’,
617 2126 645 2167 ἃ
683 2127 856 2180 γίγνεται
890 2128 1016 2183 χιών,
1058 2134 1250 2182 postremo
1291 2127 1473 2170 Dindorfii
1509 2130 1759 2170 coniecturam
1801 2128 2018 2183 adoptavit:
2062 2127 2167 2181 πρὸς
2203 2126 2249 2166 ὃν
2290 2126 2492 2180 κύφελλ’

134 2190 284 2249 ὑδρηλοὶ
312 2191 485 2245 γίγνεται
508 2191 624 2250 χιών.
680 2195 937 2245 Recipiendum
965 2195 1071 2241 daz-i,
1100 2194 1223 2249 inquit
1247 2192 1500 2242 Hermannus,
1527 2191 1723 2249 κύφελλα,
1752 2196 1845 2242 licet,
1874 2195 1976 2245 quod
2000 2196 2133 2241 seiani,
2161 2206 2205 2232 ω·
2231 2194 2492 2232 Alexandrinae

132 2267 262 2297 tantum
296 2263 413 2309 poetis
445 2251 661 2299 'Callimacho
689 2268 723 2298 et
755 2262 996 2310 Lycophrona
1034 2263 1190 2299 allatum.
1244 2260 1339 2300 Mihi
1373 2259 1553 2300 dubitatio
1592 2268 1650 2298 est
1685 2272 1760 2299 non
1796 2258 1919 2298 solum
1953 2264 2111 2313 propter
2144 2264 2357 2312 suspectam
2389 2257 2493 2312 apud

133 2323 278 2366 Atticos
300 2322 400 2366 illius
422 2325 525 2366 vocis
548 2325 825 2374 auctoritatem,
853 2324 920 2366 sed
947 2326 1058 2366 etiam
1087 2326 1176 2380 quia
1204 2324 1340 2367 haereo
1366 2326 1405 2366 in
1424 2324 1545 2366 verbis
1573 2324 1696 2379 πρὸς
1724 2322 1776 2365 ὃν
1794 2349 1840 2356 -
1860 2323 2045 2376 γίγνεται,
2074 2336 2157 2364 cum
2183 2323 2289 2376 πρὸς
2305 2317 2344 2376 ᾦ
2365 2323 2493 2378 potius

131 2398 336 2445 exspectes.
374 2389 606 2446 Aeschylum
636 2392 830 2446 scripsisse
857 2396 969 2446 puto:

867 2456 972 2513 πρὸς
996 2455 1043 2497 ὃν
1071 2456 1237 2498 νέονιΨ
1266 2455 1419 2514 ὑδρηλοὶ
1446 2456 1616 2510 γίγνεται
1637 2454 1756 2512 χιών,

737 2539 781 2563 zu
808 2526 971 2564 wekhm
998 2526 1249 2564 sehwimmend
1275 2525 1548 2563 Waeeerdzinste
1573 2524 1713 2561 werden
1742 2522 1888 2560 Schnee.

134 2588 319 2631 Conl'usae
349 2596 437 2631 sunt
464 2589 607 2632 litterae
638 2592 718 2632 ΟΝ
738 2597 776 2631 et
807 2588 898 2640 ΦΗ,
926 2590 1094 2644 haecque
1121 2596 1179 2632 est
1204 2592 1313 2645 origo
1340 2588 1581 2643 corruptelae.

659 2654 703 2694 V.
733 2654 844 2699 779.:
872 2656 984 2696 κυσὶν
1012 2654 1054 2695 δ’
1081 2653 1216 2696 ἔπειθ’
1243 2654 1378 2710 ἕλωρα
1404 2651 1731 2709 κάπιχωρίοις

872 2720 1001 2777 ὄρνισι
1027 2719 1187 2762 δεῖπνον
1213 2719 1287 2760 οὐκ
1313 2718 1521 2772 ἀναίνομαι
1548 2716 1690 2758 πέλειν.

133 2783 217 2825 lam
238 2786 325 2827 olim
352 2789 511 2828 miratus
539 2800 640 2835 suin,
669 2800 736 2828 cur
763 2794 830 2829 aut
857 2800 935 2842 quo
962 2800 1076 2829 sensu
1102 2781 1190 2828 aves
1217 2786 1425 2827 dicerentur
1447 2783 1675 2841 ἐπιχώριοι,
1702 2797 1770 2825 nec
1795 2786 1919 2840 magis
1943 2798 2044 2825 nunc
2072 2784 2252 2842 intelligo,
2280 2798 2364 2826 cum
2390 2798 2496 2840 pere-

133 2852 259 2903 grinae
289 2866 376 2893 aves
403 2852 508 2895 nulla
533 2853 616 2909 lege
643 2855 760 2895 arceri
788 2859 954 2908 possent.
985 2852 1105 2895 Canes
1132 2854 1166 2894 si
1192 2853 1245 2894 sic
1270 2851 1490 2899 dicerentur,
1517 2856 1616 2891 recte
1642 2863 1683 2891 se
1707 2849 1874 2892 haberet.
1904 2850 2043 2892 Fuitne
2069 2849 2418 2906 κάγιυλωνόχοιςῗ

309 2916 355 2958 V.
377 2917 469 2962 794.
498 2918 526 2959 ὅ
530 2917 587 2960 δε
611 2920 788 2975 μάρπτις
812 2918 835 2960 ὁ
866 2918 979 2964 νάϊος
1002 2918 1128 2971 γάιος.
1156 2915 1366 2959 Articulum
1395 2924 1480 2957 ante
1509 2915 1621 2961 νάϊος
1644 2921 1743 2957 recte
1771 2916 1930 2958 inscruit
1956 2915 2210 2970 Hei-mannus.
2239 2914 2352 2964 Quod
2373 2922 2496 2957 autem

133 2980 227 3021 idem
255 2983 381 3024 divisit
408 2985 432 3023 ὃ
462 2984 535 3034 δέ,
565 2987 688 3038 (nain,
717 2994 760 3025 ut
788 2991 958 3042 apertum
986 2990 1083 3026 esset
1110 2985 1133 3024 ὁ
1162 2984 1274 3027 νάιος
1298 2982 1345 3022 ab
1372 2980 1567 3037 Aeschylo
1594 2983 1775 3037 scriptum
1802 2981 1931 3033 fuisse,
1959 2985 2014 3024 sic
2036 2985 2147 3024 etiam
2168 2981 2242 3023 ὅδε
2263 2981 2496 3022 demonstra-

133 3048 271 3094 tivum,
301 3063 377 3103 quo
406 3050 680 3106 significaretur
706 3065 760 3092 en
787 3051 939 3098 adest,
966 3049 1162 3092 dicendum
1183 3049 1296 3091 fuisse
1318 3047 1384 3090 ὅδ’
1407 3049 1429 3088 ὑ
1451 3049 1643 3103 μάρπτιςς
1671 3048 1739 3090 sed
1756 3055 1839 3091 tum
1859 3049 1938 3091 duo
1958 3049 2058 3091 dicta
2080 3049 2154 3091 hoc
2173 3063 2284 3090 versu
2305 3048 2497 3089 contineri,

132 3109 199 3151 ὅδ’
228 3112 249 3149 ὁ
277 3115 467 3171 μάρπτις·
497 3117 520 3157 ό
549 3118 663 3163 νάῖος
689 3119 815 3171 γάιος,
853 3117 891 3159 id
919 3130 1007 3159 vero
1036 3118 1295 3159 inconcinnum
1321 3115 1437 3168 esse):
1469 3129 1552 3157 mea
1579 3118 1762 3159 sententia
1790 3117 1864 3159 ὅδε
1890 3119 2068 3173 μάρπτις
2092 3118 2115 3158 ὁ
2145 3118 2257 3162 νάιος
2281 3116 2398 3168 γάιος
2423 3120 2497 3157 est:

133 3194 172 3216 en
195 3188 316 3229 raptor
341 3186 405 3232 (μα’
423 3188 508 3222 navi
534 3186 700 3223 advectus
729 3195 779 3222 est
808 3189 841 3222 in
870 3194 964 3223 terra
983 3193 1050 3229 est,
1081 3185 1154 3221 hier·
1178 3187 1223 3220 ist
1242 3185 1306 3220 cler
1327 3184 1469 3220 licenter
1493 3199 1567 3221 ’som
1595 3185 1714 3235 Schiff
1733 3201 1789 3223 am
1816 3189 1962 3229 Laude,
1978 3195 2034 3224 =ut
2058 3193 2156 3224 recte
2185 3198 2223 3223 se
2248 3181 2385 3223 habeat
2413 3179 2495 3221 ὅδε.

2171 3259 2194 3303 6
