2720 3459
1269 128 1330 175 35

110 283 265 336 iungere
288 277 397 326 velis,
425 277 487 318 κεῖ
507 291 585 318 non
604 282 662 319 est
685 286 827 334 aptum.
856 277 953 328 Sed,
981 283 1025 320 ut
1050 292 1123 335 ego
1150 278 1300 334 scripsi,
1315 278 1457 318 omnia
1482 282 1623 350 patent.
1651 276 1716 319 Ad
1733 276 1873 331 μολεῖν
1893 277 2103 333 φράσοντα
2123 278 2190 318 int
2211 276 2284 331 με’;
2309 288 2487 331 postremo

109 350 193 389 vicit
218 347 306 386 mike·
330 360 373 386 ea
400 347 572 386 sententia
598 353 639 385 ut
664 347 750 386 irem
777 348 840 387 tibi
865 370 918 376 —
945 361 1020 388 rem
1046 348 1286 387 indicaturus.

639 421 686 461 V.
715 421 827 464 556.
854 421 941 462 ἀλλ’
969 422 1043 463 ουίι
1071 421 1137 463 ἐπ’
1164 421 1362 479 ἀῤῥὴτοις
1386 435 1435 475 γε
1459 423 1567 465 τοῖς
1591 420 1708 475 ἐμοῖς
1732 420 1876 474 λόγοις.

109 489 213 530 Haec
240 489 271 528 si
299 494 397 528 recte
427 488 568 541 scripta
595 492 701 536 sunt,
737 501 816 528 non
845 487 949 541 quod
976 487 1310 542 Schneidewinus0
1317 486 1554 529 Boeckhium
1582 492 1734 528 secutus
1761 492 1872 542 putat
1898 487 2107 543 significare
2134 503 2205 543 pos
2185 493 2314 529 ssunt:
2342 490 2485 528 vitam

110 557 239 597 certe
266 566 360 595 non
388 552 550 595 tacitis
579 552 690 594 meis
715 551 994 596 rationibus
1021 552 1160 611 elegi,
1187 568 1276 597 nam
1304 552 1378 596 hoc
1406 551 1554 596 articuli
1574 551 1682 595 sedes
1702 558 1824 601 vetat,
1851 567 1948 609 qnae
1969 551 2164 611 ἀῤῥὴτόις
2181 567 2259 596 ιιοιι
2285 567 2358 610 pro
2380 554 2487 595 attri-

109 619 217 668 buto,
245 618 314 658 sed
339 633 411 674 pro
439 616 658 673 praedicato
685 616 824 658 habere
852 619 955 673 cogit
978 618 1051 669 ·(cs.
1079 619 1170 661 Eur.
1199 619 1343 661 Phoen.
1371 619 1465 661 527.
1495 618 1604 659 Hrm.
1633 617 1707 658 οὐκ
1735 615 1783 658 εὖ
1810 618 1940 671 λέγειν
1961 619 2047 676 χρὴ
2074 619 2130 676 μὴ
2158 619 2211 658 πὶ
2239 622 2325 663 τοῖς
2350 616 2491 674 ἔργοις

108 684 264 733 καλοῖςς
290 683 486 725 Demosth.
516 697 547 724 c.
575 681 670 724 Mid.
698 682 734 737 §-
762 681 828 727 30.
859 683 1007 737 νόμους
1031 682 1186 727 ἔθεσθε
1212 686 1293 741 πρὸ
1322 687 1402 726 τῶν
1429 683 1692 741 ἀδικημάτων
1720 683 1787 724 ἐπ’
1815 682 1981 741 ἀδήλοις
2002 684 2080 738 μὲν
2108 686 2192 729 τοῖς
2214 684 2486 742 ἀδικήσουσιν,

109 748 274 808 ἀδήλοις
301 748 348 791 δὲ
378 751 462 795 τοῖς
487 746 827 806 ἀδικησομένοις),
863 747 929 790 sed
957 748 1060 805 quod
1086 749 1145 792 ille
1172 751 1361 808 improbat
1375 751 1689 808 ,Hartungusque
1718 751 1926 806 expressit:
1962 753 2057 791 nicht
2082 753 2171 792 ohne
2197 754 2306 791 meina
2335 753 2487 792 Grande

109 820 324 867 darzuleyen
352 820 451 856 doch.
481 816 537 856 At
564 815 656 856 haec
683 817 868 856 sententia
894 829 972 856 non
998 822 1057 856 est
1084 823 1190 871 apta.
1218 826 1305 872 apta
1332 833 1423 860 vero
1451 832 1566 872 quam
1596 816 1813 858 Boeckhius
1842 819 2050 872 expressit,
2079 817 2145 858 sed
2174 820 2258 861 τοῖς
2283 831 2359 856 non
2387 823 2485 858 recte

109 879 234 923 habet.
274 878 523 923 Scribendum
551 880 650 921 enim
677 885 753 922 est:

638 947 725 988 ἀλλ’
753 947 827 988 οὐκ
854 946 922 988 ἐπ’
949 947 1144 1004 ἀῤῥὴτοις
1169 960 1216 1000 γε
1244 949 1375 989 τοῦτ’
1404 948 1521 1003 ἐμοῖς
1544 948 1693 1002 λόγοις,

109 1004 242 1050 τοῦτο,
272 1003 316 1042 τὸ
347 1002 429 1059 ζῆν.

422 1076 469 1122 V.
499 1077 610 1124 557.;
638 1077 774 1126 καλῶς
799 1076 849 1121 σὺ
876 1076 953 1135 μὲν
982 1078 1108 1129 τοῖς,
1138 1070 1221 1124 τοῖς
1246 1075 1286 1120 δ’
1315 1076 1397 1133 ἐγὼ
1423 1074 1581 1124 ’ὃόιουν
1610 1081 1793 1137 φρονεῖν.

108 1145 307 1186 Bonitzius
343 1145 447 1202 quod
487 1147 527 1185 in
560 1146 713 1203 egregia
747 1144 793 1185 de
818 1145 1016 1202 Antigona
1051 1145 1359 1185 commentatione
1399 1158 1511 1200 quam
1547 1160 1669 1202 nuper
1704 1147 1744 1186 in
1777 1146 1886 1186 Actis
1922 1144 2153 1186 Academiae
2183 1144 2487 1184 vindobonensis

108 1212 225 1254 edidit
246 1212 303 1253 bis
323 1226 553 1268 magnopere
573 1225 632 1252 me
650 1212 838 1260 laudavit,
868 1210 973 1267 quod
999 1217 1099 1252 recte
1126 1210 1381 1252 emendassem
1408 1212 1540 1257 καλῶς
1566 1213 1615 1254 σὺ
1641 1213 1718 1267 μέν
1746 1213 1845 1261 σοι’,
1873 1226 1947 1267 ego
1967 1226 2036 1252 nec
2062 1213 2183 1253 merui
2206 1211 2305 1252 hanc
2324 1210 2488 1259 laudem,

107 1294 195 1321 nam
224 1278 466 1321 scholiastam
495 1279 548 1320 sic
585 1277 721 1334 legisse
749 1292 989 1326 monueram,
1024 1291 1145 1332 neque
1180 1278 1213 1318 si
1247 1277 1300 1319 ita
1331 1276 1573 1328 scriberetur,
1608 1278 1871 1335 intelligerem,
1908 1277 2115 1333 vellemque
2149 1279 2209 1319 vir
2242 1276 2484 1321 doctissimus

108 1344 270 1387 dixisset
304 1344 496 1400 quomodo
532 1346 612 1401 ipse
647 1342 882 1400 intelligeret.
939 1342 1069 1399 Neque
1105 1344 1203 1384 enim
1237 1348 1364 1399 potest
1398 1342 1464 1384 σοί
1495 1345 1708 1400 pronomini
1742 1346 1961 1401 oppositum
1996 1357 2079 1385 esse
2117 1347 2203 1389 τοῖς
2237 1343 2303 1394 δέ,
2343 1350 2387 1385 ιιι
2419 1345 2489 1384 5ἰι;

107 1420 199 1451 recte
226 1420 263 1450 tu
291 1415 354 1451 tibi
378 1414 558 1450 videbar-2³
586 1414 726 1459 sentire,
755 1411 843 1449 his
832 1425 856 1450 1.
880 1425 911 1450 e.
937 1408 1066 1457 choro,
1094 1418 1208 1449 autem
1229 1425 1305 1460 eqo,
1334 1423 1419 1450 cum
1446 1410 1484 1449 in
1511 1409 1675 1451 Ismenae
1703 1416 1741 1450 et
1760 1410 1976 1466 Antigonae
2006 1423 2178 1450 sermone
2206 1423 2275 1449 nec
2303 1409 2351 1450 de
2379 1409 2489 1450 chori

107 1491 176 1518 nec
204 1477 249 1519 de
279 1476 439 1518 aliorum
468 1475 606 1518 iudicio
635 1477 725 1527 (nisi
753 1475 926 1517 Creontis
954 1477 1138 1518 rationem
1175 1490 1208 1514 v.
1235 1474 1328 1519 549.
1357 1473 1523 1516 habitam
1549 1478 1674 1547 putes)
1712 1489 1834 1516 sermo
1869 1477 1928 1516 sit.
1976 1474 2073 1516 Mihi
2109 1477 2322 1516 necessario
2351 1474 2491 1520 καλῶς

109 1557 159 1584 συ
186 1543 263 1596 μὲν
292 1546 377 1588 τοῖς
402 1541 602 1597 legendum
632 1541 798 1590 videtur,
836 1548 880 1582 ut
915 1547 1119 1596 utrumque
1155 1543 1241 1586 τοῖς
1271 1542 1443 1581 neutrius
1471 1528 1628 1582 dativus⁰
1646 1543 1713 1587 sit,
1748 1541 1812 1581 sed
1841 1542 2096 1581 instrumenti.
2126 1549 2163 1579 ιιι
2191 1550 2269 1586 tua,
2299 1555 2377 1580 mea
2404 1555 2485 1580 sen-

109 1612 216 1649 tentia
244 1624 346 1659 eqo!
334 1611 420 1648 mzln·
444 1610 593 1648 videbar
620 1615 709 1648 reete
737 1622 876 1660 sapere.

637 1684 686 1727 V.
716 1685 829 1729 718:
858 1684 943 1725 ἀλλ’
971 1683 1054 1725 εἷκε
1084 1683 1229 1738 θυμῳ
1259 1684 1326 1725 καὶ
1351 1684 1592 1737 μετάστασιν
1619 1683 1748 1724 δίδου.

109 1751 175 1793 Sic
210 1753 343 1807 optimi
379 1750 481 1801 libri3
524 1750 586 1791 alii
621 1749 769 1805 θυμοῦ.
825 1749 904 1791 Sed
937 1755 1113 1791 neutrum
1150 1748 1240 1790 ferri
1274 1755 1411 1805 potest.
1468 1748 1703 1805 Legendum:
1745 1749 1832 1789 ἀλλ’
1868 1748 1950 1789 εἶκε
1983 1749 2148 1803 μύθῳ,
2184 1751 2248 1788 int.
2285 1749 2342 1803 τῷ
2380 1747 2483 1802 ἐμῷ·

110 1815 187 1858 Cfr.
219 1816 314 1857 Phil.
343 1815 475 1859 1352:
505 1814 593 1855 ἀλλ’
621 1813 776 1855 εἷκάθω
803 1814 910 1873 δῆτ’;
939 1817 1005 1855 int.
1033 1814 1170 1868 λόγοις
1195 1816 1282 1859 τοῖς
1307 1813 1427 1855 τοῦδε
1454 1828 1488 1853 ν.
1510 1813 1632 1862 135ος
1662 1813 1880 1856 144720231
1900 1813 2088 1872 ἀπιθήσω
2112 1815 2194 1857 τοῖς
2218 1815 2308 1857 σοῖς
2321 1811 2484 1867 μύθοις.

109 1883 222 1925 Ηοιιι.
253 1882 293 1924 ΙΙ.
324 1897 368 1931 α,
397 1881 489 1925 565.
517 1881 558 1930 ὃ,
592 1881 703 1925 412:
740 1880 829 1936 ἐμῷ
866 1879 907 1922 δ’
944 1879 1153 1924 ἐπιπείθεο
1179 1880 1320 1937 μύθῳ.
1374 1881 1517 1924 Contra
1552 1881 1792 1924 Hermannus
1826 1881 1964 1924 Aeseh.
1999 1881 2074 1936 Ag.
2105 1880 2218 1925 1328.
2244 1877 2486 1934 μυθοῦσθαι

108 1950 270 1989 mutavit
297 1950 334 1987 in
362 1947 613 2002 θυμοῦσθαι,
641 1947 706 1988 ubi
734 1953 859 1987 tamen
887 1946 1019 1988 dubito
1048 1961 1097 1987 au
1124 1953 1291 2004 praestet
1314 1946 1553 2003 μυθεῖσθαι.

217 2038 242 2069 0
551 2023 599 2063 V.
629 2023 741 2067 736.;
769 2021 877 2078 ἄλλῳ
907 2024 988 2079 γὰρ
1017 2022 1131 2081 ἢ’μοὶ
1153 2024 1254 2081 χρή
1283 2039 1336 2078 γε
1363 2022 1477 2081 τῆς-δι”
1504 2022 1649 2081 ἄρχειν
1672 2023 1846 2081 χθονόςς

108 2089 240 2146 Neque
269 2090 396 2132 dativo
426 2104 509 2131 cnm
537 2088 721 2132 infinitivo
748 2091 917 2132 iunctum
940 2089 1040 2147 χρή,
1068 2103 1189 2145 neque
1217 2088 1266 2142 γε’
1291 2088 1474 2146 particula
1501 2088 1656 2145 probari
1683 2095 1827 2145 potest3
1861 2104 1983 2144 neque
2011 2104 2100 2131 vero
2118 2104 2261 2131 eorum
2289 2091 2488 2147 rationem,

110 2158 175 2213 qui
196 2171 282 2198 cum
304 2156 457 2198 Dobreo
473 2156 560 2213 χρῆ
576 2170 630 2210 με
650 2154 855 2197 scribentes
878 2154 1028 2197 dativos
1056 2154 1164 2211 ἄλλῳ
1194 2161 1232 2198 et
1259 2154 1353 2210 ἐμοί
1377 2154 1562 2197 commodi
1588 2169 1672 2197 esse
1689 2155 1833 2205 volunt,
1853 2169 1980 2197 veram
2001 2169 2082 2198 esse
2101 2155 2309 2198 Haemonis
2327 2169 2489 2212 respon·

109 2236 195 2261 sum
219 2222 471 2262 demonstrat:
500 2221 614 2265 πόλις
638 2221 719 2276 γὰρ
749 2220 823 2260 οὐκ
851 2219 948 2260 ἔσθ’
971 2221 1060 2277 ἥτις
1085 2220 1239 2277 ἀνδρός
1264 2219 1360 2260 ἐσθ’
1386 2219 1487 2264 ενός.
1517 2220 1593 2261 Csr.
1621 2223 1732 2260 etiam
1760 2235 1794 2261 v.
1824 2219 1936 2263 738..
1976 2220 2042 2261 La
2067 2223 2168 2278 χρῆ
2197 2236 2261 2273 γε,
2290 2223 2398 2261 euius
2426 2236 2489 2261 ae-

112 2294 243 2331 centus
271 2287 363 2329 mihi
391 2287 555 2343 probare
585 2286 732 2329 videtur
760 2285 866 2342 quod
894 2295 1029 2343 sponte
1058 2289 1307 2337 conieceram,
1331 2295 1375 2329 ut
1397 2285 1704 2345 oed.c01.604.
1730 2287 1794 2329 ubi
1812 2286 1888 2329 vid.
1912 2286 2030 2329 schol.
2051 2296 2090 2330 et
2113 2289 2289 2343 interpp„
2312 2290 2489 2345 χρῆσται

109 2354 168 2397 vel
199 2352 399 2413 χρῆσται,
438 2352 495 2395 vel
527 2352 726 2412 χρῆσται,
755 2355 809 2395 sic
843 2352 903 2395 hic
939 2354 1123 2411 scriptum
1151 2353 1266 2397 fuisse
1288 2356 1434 2413 χρῆοτι
1462 2353 1622 2411 (χρῆςι)
1651 2352 1707 2395 vel
1730 2351 1905 2412 χρῆστι,
1940 2353 1999 2396 vel
2030 2353 2202 2412 χρῆστι,
2252 2358 2272 2396 i.
2301 2369 2332 2397 e.
2364 2355 2488 2412 χρεία

111 2419 206 2462 ἐστί.
252 2420 329 2461 lam
359 2419 510 2461 dativus
537 2426 635 2461 reete
663 2435 703 2461 se
731 2419 855 2461 habet.

510 2499 556 2541 V.
587 2499 679 2544 795.
708 2514 776 2542 55..
806 2501 895 2557 νικᾷ
922 2499 963 2540 δ’
992 2499 1172 2559 ἐναργὴς
1194 2460 1467 2556 βλεφάρωνσ
1446 2514 1590 2555 ιμερος
1615 2498 1832 2556 εὐλέκτρου

800 2565 965 2623 νύμφας
990 2569 1070 2608 τῶν
1093 2566 1283 2623 μεγάλων
1309 2564 1568 2623 πάρεδρος
1593 2564 1638 2607 ἐν
1665 2566 1820 2624 ἀρχαῖς

796 2625 985 2688 θεσμων·
1014 2633 1178 2691 ἄμαχος
1201 2634 1281 2689 γὰρ
1310 2632 1489 2687 ἐμπαίζει
1516 2630 1619 2678 θεὸς
1640 2630 1871 2689 Ἀφροδίτα.

110 2698 335 2756 ΙΙάρεδρος
368 2706 590 2756 corruptum
618 2688 700 2741 esse
733 2699 893 2755 stropha
927 2700 1180 2750 demonstrat,
1212 2701 1319 2741 cuius
1351 2699 1430 2740 vitii
1462 2712 1594 2749 verum
1628 2699 1837 2742 remedium
1869 2700 2040 2742 nondum
2075 2716 2116 2744 es
2119 2709 2133 2742 t
2168 2702 2353 2743 allatum.
2391 2701 2487 2743 Mihi

110 2765 350 2809 scribendum
378 2765 527 2808 videtur
555 2763 783 2816 παιδνός,
819 2767 928 2822 quasi
956 2765 1190 2817 lusorius,
1218 2764 1315 2807 idem
1342 2763 1418 2806 fere
1445 2762 1550 2820 quod
1577 2764 1741 2817 παίζων,
1777 2773 1821 2809 ιιι
1847 2782 1892 2810 eo
1920 2768 2122 2825 respiciant
2148 2769 2327 2825 proxima
2356 2767 2487 2842 verba:

111 2831 275 2890 ἄμαχος
300 2832 380 2890 γὰρ
410 2832 636 2888 ἐμπαίζει
663 2830 765 2877 θεὸς
791 2832 1028 2889 Ἀφροδίτα.
1056 2832 1144 2875 Νοιι
1170 2831 1345 2875 dissimile
1373 2836 1430 2872 est
1455 2830 1548 2873 Eur.
1576 2832 1658 2889 lph.
1686 2833 1735 2875 Τ.
1768 2834 1884 2878 1271.
1908 2833 2019 2892 χέρα
2043 2833 2222 2876 παιδνόν.

289 2920 338 2960 V.
367 2919 460 2964 966.
491 2919 620 2961 Cum
610 2935 648 2961 m
677 2919 916 2976 antistropha
943 2934 978 2962 ν.
1007 2918 1099 2965 977.
1126 2918 1292 2976 legatur:

889 2985 992 3027 κατὰ
1020 2984 1067 3026 δὲ
1095 2985 1317 3041 τακόμενοι
1341 2984 1495 3039 μέλεοι
1520 2986 1685 3042 μελέαν
1712 2987 1883 3037 πάθαν,

238 3095 241 3096 ⁷
430 3052 668 3110 scribendum
696 3048 863 3094 videtur:
891 3052 1016 3109 παρὰ
1043 3051 1090 3093 δὲ
1117 3051 1311 3094 κυανέων
1338 3051 1562 3106 πελαγέων
1588 3052 1776 3108 διδυμᾶν
1803 3057 1990 3111 πετρᾶν,

112 3123 157 3159 ιιι
183 3120 281 3161 sicut
307 3118 536 3170 -ιΤι-υι,
564 3126 730 3160 -ᾱν-
740 3127 802 3167 ἄν,
831 3120 884 3161 sic
911 3117 1172 3167 -ὃν-ων,
1200 3119 1427 3159 -ᾶν-ἅν
1455 3132 1496 3162 se
1514 3120 1725 3179 excipiant.
