2720 3459
1290 235 1351 285 15

130 393 243 436 finem
279 389 414 432 faciam
451 384 656 436 scribendi,
703 384 874 429 addenda
908 386 1000 430 mihi
1027 393 1118 430 sunt
1154 401 1279 445 pauca
1314 385 1362 429 de
1388 400 1502 430 carm.
1531 386 1576 429 ΙΙ.
1606 387 1641 431 1.
1696 386 1818 430 Video
1846 390 1945 430 enim
1969 402 2008 446 p.
2034 388 2073 433 Δ.
2102 403 2182 432 non
2209 392 2302 432 satis
2329 388 2419 433 Tibi
2445 403 2506 432 me

130 454 371 514 respondisse
398 451 450 494 ad
475 464 558 494 eam
587 452 862 507 quaestionem,
897 466 972 509 qua
999 452 1082 511 lege
1109 456 1225 495 Musa
1251 465 1325 510 pro
1353 460 1417 494 aaa
1443 454 1559 493 Musa
1585 451 1727 494 dictum
1754 454 1814 495 sit.
1870 452 1967 495 Cum
1993 456 2114 497 oratio
2147 454 2199 497 ad
2225 453 2433 497 Pollionem
2466 460 2505 498 et

132 528 218 566 ante
244 520 359 562 verba
385 521 552 571 pallum
575 539 632 550 ·-
658 520 803 559 theatris
834 523 873 560 et
903 523 992 574 post
1023 532 1205 562 conversa
1238 521 1308 568 sit;
1348 519 1383 560 si
1414 522 1583 571 paullum
1611 521 1728 559 Musa
1759 522 1964 571 tragoediae
1997 523 2090 566 desit
2118 524 2264 563 θιοαήε
2298 520 2397 562 idem
2422 534 2506 563 esse

131 592 258 646 potest
293 582 397 642 quod
427 586 635 639 paullisper
664 586 869 637 &aquodam
893 596 937 626 nc
963 588 1178 638 sor-zum,
1212 585 1306 629 haec
1341 585 1446 627 inter
1471 597 1517 626 ea
1551 598 1648 641 quae
1683 583 1915 641 praecedunt
1948 590 1986 628 et
2012 599 2108 642 quac
2134 592 2348 644 sequuntur
2386 587 2504 629 inter-

130 653 257 711 posita
281 649 491 707 significare
517 653 692 706 possunt,
718 652 923 702 traqoediae
949 664 975 690 a
1000 658 1031 690 te
1057 666 1101 692 ne
1125 655 1352 698 eor-’bm5
1376 663 1471 707 ergo
1499 652 1617 692 Mum
1643 653 1846 702 mqoedioe
1872 653 1967 691 decit
1989 653 2131 691 theatris
2157 652 2228 694 dici
2255 657 2407 710 poterat
2432 666 2506 709 pro

133 729 214 768 tua
241 720 357 759 Musa
383 721 468 758 cett.
498 714 607 757 Certe
634 713 726 756 mihi
755 717 810 758 ita
833 715 992 759 videtur.
1019 741 1071 748 —
1099 716 1207 759 Vale.
1234 715 1446 759 Posnaniae
1473 715 1604 758 ldibus
1631 715 1849 758 Februariis
1876 715 2186 759 MDCCCLVm.

1280 1082 1348 1125 DE

632 1181 934 1273 ALIQUOT
980 1181 1178 1260 LOCIS
1224 1181 1574 1260 AESCHYLI
1621 1181 2005 1260 SUPPLICUM

906 1410 1209 1473 SOPHOCLIS
1256 1410 1732 1473 TRAGOEDIARUM.

310 1643 517 1687 Godofredi
544 1643 751 1686 Hermanni
777 1644 991 1701 Aeschylo,
1019 1649 1217 1701 postquam
1258 1657 1326 1700 per
1365 1657 1501 1685 novem
1541 1642 1664 1685 lustra
1704 1658 1727 1684 a
1761 1644 1851 1684 viris
1893 1642 2013 1685 doctis
2050 1645 2227 1686 acerrime
2261 1650 2504 1702 exspectatus

133 1711 273 1760 fuerat,
309 1709 462 1751 tandem
500 1715 610 1752 sexto
646 1710 783 1751 abhinc
820 1724 921 1752 anno
958 1715 1048 1767 post
1089 1714 1246 1751 mortem
1286 1707 1438 1751 demum
1473 1709 1545 1749 viri
1579 1709 1717 1749 summi
1752 1709 1792 1749 in
1824 1708 1944 1749 lucem
1980 1708 2081 1750 edito
2117 1715 2300 1765 quantum
2335 1713 2503 1752 omnium

134 1777 271 1819 summi
306 1775 406 1817 illius
439 1780 574 1831 poetae
608 1775 868 1818 studiosorum
904 1781 1015 1831 atque
1050 1774 1318 1818 admiratorum
1355 1776 1563 1817 excitatum
1596 1775 1647 1816 sit
1680 1773 1883 1830 gaudium,
1921 1788 2032 1817 nemo
2067 1777 2229 1832 ignorat.
2289 1776 2339 1818 Et
2372 1791 2506 1832 quam-

134 1858 248 1899 quam
275 1841 498 1884 immortalis
527 1844 608 1884 viro
635 1843 839 1885 memoriae
871 1856 949 1884 non
983 1843 1189 1899 contigerat
1220 1850 1265 1883 ut
1298 1855 1484 1883 summam
1515 1842 1596 1897 ipse
1629 1855 1784 1882 manum
1813 1843 1920 1897 operi
1947 1856 2019 1883 suo
2047 1843 2274 1899 imponeret,
2307 1849 2434 1886 tamen
2459 1858 2505 1886 eo

133 1906 318 1966 Aeschyli
334 1906 618 1966 tragoediarum
641 1906 851 1950 emendatio
878 1908 1116 1966 potissimum
1137 1910 1282 1949 tantum
1302 1904 1478 1964 profecit,
1502 1910 1686 1964 quantum
1708 1907 1778 1948 vix
1796 1904 1920 1949 tribus
1947 1912 2034 1949 ante
2054 1907 2232 1960 saemlis,
2261 1914 2305 1950 ut
2330 1923 2508 1968 magnam

133 1979 281 2033 partem
307 1988 409 2016 nunc
433 1973 586 2016 tandem
613 1976 722 2031 copia
747 1974 859 2016 nobis
898 1974 997 2017 facta
1021 1973 1192 2016 videatur
1216 1980 1349 2030 poetae
1374 1971 1525 2029 legendi
1552 1978 1665 2028 atque
1690 1972 1933 2029 intelligendi.
1970 1973 2084 2022 Quod
2109 1988 2240 2016 verum
2265 1988 2347 2017 esse
2375 1976 2506 2018 vel.eo

133 2044 298 2083 maxime
325 2040 606 2097 comprobatur,
645 2041 748 2096 quod
781 2040 868 2082 inde
901 2040 949 2082 ab
984 2055 1028 2082 eo
1062 2046 1239 2096 tempore,
1270 2052 1346 2094 quo
1380 2052 1504 2080 novus
1531 2037 1592 2079 ille
1618 2038 1837 2093 Aeschylus
1863 2038 2018 2094 prodiit,
2044 2046 2103 2081 tot
2128 2047 2308 2096 tantaque
2335 2043 2506 2084 virorum

135 2105 441 2148 doctissimorum
469 2104 595 2148 studia
616 2105 665 2147 ad
689 2104 926 2162 Aeschylum
954 2105 1013 2148 vel
1039 2103 1309 2148 emendandum
1336 2102 1393 2144 vel
1420 2101 1688 2179 explicandum
1716 2109 2006 2154 concurrenmt,
2033 2110 2127 2161 quot
2153 2110 2368 2162 quantaque
2396 2113 2507 2149 antea

134 2170 328 2228 nunquam
343 2173 582 2215 exstiterunt.
610 2170 688 2213 Sed
715 2173 840 2213 minus
867 2186 981 2229 quam
1008 2172 1049 2213 in
1074 2170 1154 2213 aliis
1180 2169 1315 2211 fabulis
1336 2168 1376 2210 id
1395 2167 1537 2209 factum
1556 2174 1614 2209 est
1633 2170 1674 2210 in
1693 2167 1949 2225 Supplicibus.
1976 2170 2037 2211 Ac
2058 2184 2148 2212 sane
2168 2184 2255 2212 cum
2272 2171 2371 2213 hanc
2390 2186 2507 2214 unam

135 2234 301 2280 fabulam
328 2236 607 2279 Hermannus
597 2242 677 2294 ipse
705 2237 779 2279 iam
807 2236 919 2294 plane
947 2235 1184 2285 absolvisset,
1204 2235 1334 2277 minus
1362 2247 1500 2290 operae
1526 2234 1690 2290 posteris
1717 2232 1912 2289 reliquisse
1941 2233 2057 2276 videri
2084 2242 2221 2291 potest.
2265 2234 2477 2293 Namque·
2466 2253 2507 2279 ιιι

135 2301 208 2342 hac
227 2304 511 2359 corruptissima
540 2304 707 2343 omnium
735 2315 852 2359 eaque
880 2302 926 2344 de
954 2315 1067 2344 causa
1094 2300 1306 2343 difficillima
1332 2298 1532 2357 tragoedia
1557 2299 1760 2355 singularis
1788 2301 1925 2340 summi
1952 2301 2023 2341 viri
2046 2302 2234 2357 sagacitas
2261 2301 2321 2343 vel
2342 2304 2509 2344 maxime

136 2366 257 2410 eluxit
283 2374 321 2410 et
347 2370 458 2424 quasi
478 2367 743 2425 triumphavitz
770 2374 829 2411 tot
855 2370 953 2411 enim
979 2367 1082 2410 locos
1109 2365 1450 2423 desperatissimos,
1478 2364 1545 2406 ubi
1572 2379 1650 2406 non
1676 2363 1791 2407 verba
1819 2380 1863 2406 ac
1890 2367 2111 2416 sententias,
2138 2365 2207 2408 sed
2233 2369 2392 2410 miseras
2420 2374 2507 2412 tan·

135 2435 216 2473 tum
244 2431 446 2475 verborum
475 2448 520 2476 ac
543 2432 754 2476 litterarum
780 2448 929 2491 pannos
956 2438 993 2476 et
1018 2432 1180 2483 lacinias,
1206 2429 1343 2488 quibus
1366 2429 1458 2487 quid
1481 2428 1621 2473 faceres
1639 2431 1821 2480 nescires,
1849 2429 1934 2472 libri
1955 2429 2211 2482 tradidissent,
2238 2438 2346 2475 tanto
2366 2434 2509 2492 ingenii

137 2500 325 2549 acumine,
352 2504 431 2541 tam
458 2498 612 2541 feliciter
639 2499 815 2541 enodavit
842 2500 1088 2557 egregiasque
1115 2498 1314 2540 sententias
1339 2498 1595 2553 exprompsit,
1624 2502 1668 2539 ut
1694 2498 1787 2538 satis
1815 2501 1961 2538 tantum
1989 2495 2183 2553 ingenium
2210 2511 2290 2540 non
2315 2501 2509 2556 possimus

138 2562 326 2624 admirari.
355 2564 518 2621 Reliqua
543 2570 670 2608 tamen
698 2567 811 2607 etiam
837 2579 938 2607 nunc
965 2578 1047 2607 esse
1073 2577 1167 2620 quae
1193 2560 1426 2605 emendanda
1453 2564 1547 2612 sint,
1576 2562 1650 2604 alia
1676 2564 1802 2604 minus
1829 2568 1928 2604 recte
1957 2576 2000 2605 ac
2027 2562 2183 2606 feliciter
2212 2565 2261 2607 ab
2288 2565 2508 2609 Hermanno

136 2629 280 2672 tentata
296 2645 396 2682 esse,
424 2632 562 2674 nemini
584 2633 722 2673 mirum
741 2630 940 2682 videbitur,
963 2632 1028 2687 qui
1045 2644 1121 2672 non
1139 2642 1258 2670 unum
1280 2629 1406 2670 omnia
1421 2642 1535 2685 posse
1554 2628 1775 2684 cogitaverit
1794 2643 1839 2671 ac
1853 2626 2038 2670 librorum
2056 2630 2235 2672 miseram
2253 2630 2510 2675 condicionem

137 2698 378 2749 reputaverit.
413 2696 545 2753 Itaque
572 2698 720 2737 veniam
747 2696 840 2738 mihi
867 2696 997 2738 datum
1024 2697 1070 2737 iri
1097 2708 1220 2750 spero,
1250 2693 1354 2750 quod
1381 2708 1483 2735 nunc
1509 2693 1657 2749 aliquot
1683 2693 1796 2735 huius
1824 2693 1973 2736 fabulae
2001 2695 2107 2737 locos
2136 2696 2245 2738 aliter
2271 2706 2384 2754 atque
2411 2698 2510 2741 Her-

138 2771 299 2804 mannus
328 2761 546 2805 scribendos
573 2767 681 2805 ratus
707 2776 829 2805 meam
857 2776 989 2806 eorum
1016 2759 1307 2804 emendationem
1334 2760 1533 2817 proposui.
1578 2758 1839 2802 Accuratioris
1867 2766 1994 2803 autem
2020 2760 2192 2805 lectionis
2219 2762 2335 2807 huius
2361 2762 2509 2808 fabulae

137 2825 212 2865 tria
250 2829 489 2882 potissimum
532 2828 625 2869 mihi
666 2834 839 2886 tempora
875 2828 1045 2878 filerunt,
1086 2828 1228 2883 primae
1262 2840 1296 2866 a.
1326 2824 1451 2874 1821,
1495 2838 1572 2881 quo
1599 2830 1768 2883 tempore
1801 2825 1884 2866 solo
1912 2826 2170 2870 Schuetziano
2198 2830 2373 2887 exemplo
2399 2838 2509 2873 utens

138 2895 267 2946 tamen
297 2894 482 2949 quaedam
515 2896 654 2936 rectius
689 2897 867 2937 constitui
902 2897 964 2947 (ut
993 2910 1029 2936 v.
1056 2892 1148 2938 347.
1183 2907 1231 2935 ex
1265 2890 1489 2934 scholiastae
1520 2891 1829 2947 interpretatione
1863 2892 1913 2933 οὐ
1941 2895 2089 2948 πενεῖ),
2125 2895 2279 2937 alterius
2314 2912 2349 2937 a.
2380 2896 2509 2945 1836„

140 2968 217 3010 quo
250 2962 423 3016 tempora
455 2960 574 3002 multa
609 2962 814 3003 coniectavi
849 2974 946 3018 quae
982 2973 1033 3002 ex
1066 2963 1174 3015 parte
1209 2959 1320 3000 etiam
1355 2971 1456 2999 nunc
1483 2970 1574 2999 vera
1600 2956 1691 2999 mihi
1719 2957 1907 3009 videntur,
1933 2962 2069 3014 tertiae
2095 2968 2206 3004 sexto
2234 2961 2371 3005 abhinc
2398 2977 2509 3013 anno,

140 3032 227 3062 cum
252 3021 461 3068 Hei-manni
486 3025 704 3084 Aeschylus
731 3026 806 3069 hoc
832 3025 998 3070 studium
1024 3024 1147 3067 denuo
1173 3025 1362 3066 movisset.
1412 3022 1542 3080 Atque
1568 3022 1663 3066 haec
1688 3023 1841 3080 quidem
1870 3024 1980 3068 lectio
2015 3033 2059 3070 ut
2086 3027 2392 3071 iucundissimam
2418 3028 2511 3071 mihi

140 3094 293 3130 revocat
317 3095 551 3142 memoriam,
578 3094 632 3134 ita
657 3094 911 3135 tristissimam
938 3096 1062 3134 movet
1086 3090 1381 3133 recordationem
1408 3089 1528 3146 Aug.
1557 3087 1932 3142 Schoenbornii‚
1961 3106 2110 3136 summa
2136 3094 2385 3151 plurimarum
2410 3097 2512 3152 opti·

140 3164 288 3194 marum
306 3158 445 3199 artium
463 3159 618 3201 scientia
639 3172 683 3201 ac
703 3158 888 3215 singulari
913 3157 1105 3206 modestia,
1132 3155 1225 3205 fide,
1251 3156 1418 3205 veritate,
1442 3154 1580 3205 officio,
1599 3157 1798 3212 gravitate,
1826 3157 2059 3210 fortitudine,
2079 3162 2302 3211 constantia,
2322 3160 2414 3203 mihi
2439 3176 2510 3217 per

140 3216 296 3274 triginta
335 3234 454 3277 paene
501 3222 579 3266 duo
622 3238 741 3267 annos
785 3225 950 3268 muneris
984 3222 1241 3266 communione
1281 3224 1320 3264 et
1355 3220 1538 3265 amicitiae
1573 3220 1724 3266 vinculo
1753 3224 2068 3274 coniunctissimi
2110 3241 2221 3283 quem
2248 3242 2392 3284 paucos
2426 3233 2510 3271 ante
