2720 3459
531 924 672 1037 DE
730 921 1153 1038 HORATH
1211 831 1511 1038 affl.
1557 921 1647 1059 Π,
1690 953 1725 1029 1
1791 949 1879 1031 ET
1934 920 1989 1057 1,
2027 951 2142 1029 28.
2233 871 2237 904 t

1029 1193 1091 1264 Ε
1110 1192 1220 1265 ΡΙ
1237 1191 1291 1264 S
1305 1191 1366 1263 Τ
1385 1190 1450 1264 O
1467 1192 1525 1262 L
1543 1192 1616 1263 A

645 1392 1069 1473 FRIDERICUM
1108 1392 1588 1487 RITSGHELIUM,
1636 1393 1746 1474 D⁸
1782 1394 1848 1469 V.
1889 1392 2007 1473 CL..

1055 1504 1159 1538 REGI
1171 1505 1269 1537 Bon.
1282 1503 1340 1536 AB
1353 1503 1438 1535 ΗΠ.
1452 1503 1587 1543 cous„

960 1557 1190 1584 acimum
1204 1556 1391 1583 nonnus
1407 1556 1690 1583 rnornssomm.
1696 1587 1702 1593 ,

802 1651 1850 1659 -Μψῂὴῌ,-

987 1736 1298 1797 FRIDERICO
1325 1736 1663 1823 RITSCHELlo

897 1838 1326 1882 FRlDERICUS
1376 1838 1751 1883 MARTINUS

1255 1918 1281 1944 S.
1300 1919 1331 1944 Ρ.
1348 1919 1405 1944 D..

137 1986 294 2071 Nihil
320 2031 439 2086 magis
466 2034 615 2085 praeter
642 2031 958 2085 exspectationem
987 2029 1078 2070 mihi
1106 2031 1233 2086 potuit
1260 2029 1445 2080 accidere,
1479 2044 1593 2087 quam
1623 2029 1726 2086 quod
1762 2029 1840 2078 Tu,
1872 2029 1943 2070 Vir
1971 2029 2203 2077 Clarissimo,
2234 2034 2437 2085 postquam
2471 2031 2512 2069 in

138 2097 275 2138 Museo
293 2095 479 2138 Rhenano
506 2109 627 2150 nuper
653 2094 699 2136 de
726 2095 847 2136 tribus
875 2095 1042 2152 strophis
1068 2097 1108 2136 in
1134 2094 1283 2137 Horatii
1308 2095 1527 2137 Carminnm
1555 2096 1640 2138 libri
1666 2098 1778 2153 primi
1804 2096 1879 2137 oda
1901 2097 2027 2152 prima
2043 2094 2277 2151 interpolatis
2297 2094 2513 2136 doctissime

139 2168 176 2203 et
203 2162 443 2218 sagacissime
469 2160 688 2217 disputasti,
723 2160 939 2202 honorificis
966 2160 1058 2202 mihi
1085 2159 1209 2213 yerbis
1237 2160 1295 2202 Te
1321 2160 1416 2203 dieis
1443 2163 1539 2203 scire
1567 2161 1659 2204 velle
1692 2161 1783 2217 quid
1811 2175 1883 2218 ego
1909 2162 2147 2217 potissimum
2175 2159 2222 2201 de
2249 2161 2397 2201 ratione
2425 2159 2514 2201 Tua

139 2229 308 2269 sentiam.
343 2227 441 2269 Mire
469 2240 558 2268 sane
574 2226 741 2268 affectus
767 2241 863 2276 sum,
891 2241 974 2268 cum
996 2226 1120 2283 Aprili
1147 2240 1276 2268 mense
1302 2233 1465 2269 exeunte
1493 2234 1560 2269 aut
1587 2228 1690 2269 Maio
1719 2231 1868 2269 ineunte
1894 2226 2112 2280 fasciculum
2140 2225 2245 2267 illum
2269 2226 2395 2268 Musei
2422 2225 2511 2266 vidi.

140 2293 235 2335 Nam
263 2307 348 2335 cum
376 2292 501 2334 studia
529 2306 611 2334 mea
626 2291 835 2335 Horatiana
862 2292 948 2334 inde
977 2307 999 2334 a
1025 2306 1112 2334 vere
1140 2307 1173 2334 a.
1193 2289 1309 2341 1844,
1337 2306 1422 2334 cum
1451 2292 1864 2334 commentatiunculam
1892 2291 1993 2333 illam
2021 2291 2068 2333 de
2096 2291 2242 2348 aliquot
2260 2291 2411 2333 Horatii
2430 2304 2514 2332 car-

139 2357 314 2408 minibus,
341 2363 497 2414 propter
524 2371 637 2413 quam
664 2357 728 2399 Tu
756 2372 813 2399 me
833 2371 1031 2415 provocas,
1058 2358 1302 2414 scripsissem,
1329 2363 1593 2414 praeterquam
1621 2357 1723 2413 quod
1752 2365 1836 2399 ante
1865 2357 1936 2398 hos
1964 2356 2091 2398 decem
2119 2370 2240 2398 annos
2270 2370 2342 2413 per
2370 2355 2516 2411 aliquot

139 2424 272 2465 hiemis
306 2437 452 2464 menses
487 2423 602 2464 huius
634 2428 768 2478 poetae
801 2422 1070 2480 interpretandi
1103 2435 1240 2464 munus
1273 2423 1365 2464 mihi
1399 2425 1616 2479 impositum
1651 2423 1741 2472 fuit,
1782 2437 1850 2479 per
1882 2429 2005 2464 totum
2037 2423 2111 2464 hoc
2137 2426 2322 2480 temporis
2350 2427 2516 2481 spatium

137 2503 299 2546 prorsus
327 2489 566 2545 quievissent,
594 2490 646 2531 ita
673 2494 717 2530 ut
744 2502 820 2531 non
848 2488 965 2530 modo>
988 2487 1128 2530 nullam
1149 2501 1270 2545 paene
1295 2490 1376 2530 eius
1405 2488 1599 2530 lectionem
1626 2490 1871 2538 instituerem,
1900 2488 1965 2530 sed
1993 2491 2106 2530 etiam
2128 2488 2275 2546 opeflae
2289 2488 2392 2532 illius
2412 2504 2516 2532 meae

140 2559 219 2613 ipse
246 2570 365 2613 paene
392 2555 532 2598 oblitus
558 2570 690 2606 essem,
718 2555 908 2613 singulare
935 2570 1025 2598 sane
1052 2555 1147 2597 mihi
1167 2556 1291 2596 visum
1319 2560 1388 2604 est,
1415 2554 1518 2611 quod
1545 2554 1591 2596 de
1611 2554 1668 2597 Te
1695 2561 1802 2596 tanto
1828 2557 1911 2596 viro
1940 2570 2013 2613 ego
2042 2561 2080 2597 et
2106 2557 2260 2613 ingenio
2287 2562 2327 2598 et
2344 2556 2518 2599 docuina

139 2628 255 2664 tanto·
274 2621 429 2665 inferior
457 2621 619 2664 iudicare
648 2623 774 2664 iussus
802 2636 931 2664 essem.
978 2620 1104 2664 Nihilo
1132 2621 1255 2662 minus
1281 2614 1408 2662 tamen
1435 2635 1482 2662 ne
1508 2620 1817 2663 veluntatiTuae
1844 2620 2025 2671 deessem,
2054 2621 2123 2663 sed
2151 2628 2337 2678 quintum
2365 2637 2517 2680 possem

140 2687 403 2737 satisfacerem,
430 2693 469 2729 et
494 2701 641 2729 carmen
670 2687 761 2729 illud
790 2688 919 2729 denuo
941 2687 1013 2744 legi
1040 2689 1249 2742 iterumque
1276 2700 1321 2727 ac
1346 2688 1497 2741 saepius
1524 2686 1598 2742 legi
1625 2692 1754 2742 atquc„
1769 2689 2002 2736 examinavi,
2029 2694 2069 2729 et
2094 2692 2266 2731 rationes
2293 2688 2402 2730 Tuas
2431 2702 2517 2744 pc·b

140 2753 263 2810 pendi.
307 2753 358 2796 Et
379 2755 596 2810 saepissime
624 2753 780 2796 consilio
807 2753 855 2796 ad
883 2753 940 2796 Te
967 2746 1150 2796 scribendi
1177 2757 1286 2809 capto
1312 2757 1352 2794 et
1370 2751 1490 2794 dilato
1517 2766 1619 2794 nunc
1645 2751 1798 2797 tandem
1821 2754 2038 2810 scriptionis
2056 2753 2305 2798 scholasticae
2321 2756 2518 2797 occasione

141 2818 267 2861 oblata
300 2818 391 2876 quid
425 2833 498 2877 ego
532 2819 578 2861 de
614 2820 675 2861 illa
711 2833 825 2861 causa
859 2820 1032 2861 sentirem
1059 2820 1258 2876 perscripsi
1292 2823 1330 2859 et
1355 2820 1429 2859 iam
1458 2817 1507 2858 ad
1534 2817 1592 2859 Te
1622 2820 1741 2868 mitto,
1781 2833 1999 2875 quanquam
2035 2821 2144 2862 valde
2172 2823 2325 2871 timens,
2353 2835 2401 2862 ne
2428 2821 2517 2862 Tibi

142 2886 234 2925 haec
260 2895 342 2930 mea
371 2900 449 2926 non
475 2900 704 2942 magnopere
731 2885 971 2927 satisfaciant.
1015 2884 1140 2926 Simul
1164 2891 1287 2926 autem
1315 2884 1389 2925 hac
1413 2885 1609 2926 occasione
1638 2890 1790 2939 arrepta
1817 2900 1937 2927 meam
1967 2885 2015 2928 de
2039 2902 2154 2929 carm.
2173 2887 2201 2935 l,
2215 2887 2271 2931 28
2297 2889 2517 2929 sententiam

139 2952 318 3022 exposuk
342 2956 388 2993 ut
414 2951 446 2994 si
473 2950 562 2995 Tibi
590 2950 792 3002 videretur,
818 2950 881 2995 Tu
905 2949 996 3009 quid
1014 2949 1061 2993 de
1079 2963 1125 2993 ea
1144 2962 1312 2993 censeres
1327 2947 1418 2991 mihi
1440 2947 1684 3006 significares,
1713 2957 1751 2992 et
1771 2957 1971 3008 praeterea
1987 2951 2291 3011 Aeschyleorum
2311 2957 2349 2996 et
2364 2951 2517 3010 Sopho-

141 3001 318 3059 cicorum
342 3017 554 3059 studiorum
591 3020 794 3075 specimina
827 3018 972 3074 aliquot
1005 3017 1129 3059 adieci.
1173 3017 1345 3060 Ceterum
1374 3019 1550 3073 ignoscas
1576 3018 1669 3060 mihi
1695 3018 1820 3067 velim,
1856 3021 1960 3076 quod
2000 3021 2074 3063 hoc
2108 3022 2200 3063 mihi
2238 3023 2332 3063 iuris
2363 3023 2519 3076 sumpsi,

141 3089 185 3124 ut
217 3086 540 3126 commentationis
568 3083 678 3125 Tuae
710 3083 826 3126 verba
859 3097 1034 3140 magnam
1057 3091 1210 3139 partem
1229 3084 1269 3124 in
1295 3085 1537 3125 annotatione
1563 3083 1804 3136 sufficerem,
1842 3088 1934 3142 quia
1961 3086 2167 3129 timendum
2194 3086 2294 3136 erat,
2322 3102 2369 3128 ne
2397 3086 2449 3128 ab
2473 3087 2519 3127 iis

141 3151 206 3204 qui
224 3148 311 3191 Tua
339 3156 408 3192 aut
431 3162 509 3193 non
535 3149 715 3207 legissent
741 3156 809 3194 aut
834 3165 920 3193 non·
940 3149 989 3193 ad
1015 3160 1166 3193 manum
1193 3148 1391 3198 haberent,
1424 3162 1522 3206 quae
1548 3162 1621 3207 ego
1649 3149 1884 3208 disputarem
1910 3165 2047 3209 parum
2077 3151 2382 3212 intelligerentur.
