2720 3459
1226 142 1285 190 19

75 304 204 343 vitium
233 296 324 339 mihi
351 295 405 336 sic
431 291 594 334 videtur:
623 306 707 333 cum
733 294 840 349 prior
867 307 997 335 versus
1024 295 1063 334 in
1088 290 1275 349 καίρια,
1303 293 1493 349 posterior
1511 294 1551 332 in
1571 290 1870 348 θελκτήριος,
1898 308 1990 350 ergo
2012 296 2052 335 in
2071 292 2220 335 easdem
2239 296 2442 336 maximam

72 370 219 425 partem
246 361 390 403 litteras
416 359 538 401 exiret
564 371 682 414 eaque
708 356 762 400 de·
782 371 896 400 eausa
916 356 1099 402 'librarius
1126 358 1247 403 oeulis
1274 358 1454 401 aberrans
1473 359 1721 415 posteriorem
1740 359 1945 408 omisisset,
1973 360 2235 403 animadverso
2255 373 2384 404 errore
2403 363 2442 403 in

74 430 242 488 margine
262 438 349 469 eum
372 424 591 481 adscripsi&
614 423 713 467 unde
733 429 816 467 tum
835 423 973 468 factum
992 431 1050 469 est
1070 431 1114 469 ut
1128 437 1208 469 non
1224 437 1296 469 suo
1319 424 1402 468 loco
1423 426 1463 467 in
1482 429 1702 467 contextum
1723 426 1961 482 reciperetur.
1987 426 2181 484 Vulgams
2201 432 2327 470 tamen
2345 426 2442 470 ordo

75 496 215 538 servari
236 492 391 548 poterit,
419 492 452 531 si
477 490 678 530 scribetur:
706 489 866 541 ἀλγεινὰ
892 488 1028 544 θυμοῦ
1057 493 1188 547 κάρτα
1216 492 1447 548 νικητήρια
1458 505 1499 539 ς,
1529 490 1634 545 quod
1661 492 1799 544 siquis
1823 491 2057 545 praetulerit,
2084 491 2179 534 nihil
2204 492 2439 536 intercedam.

247 569 349 612 Ante
376 583 412 610 v,
438 563 531 612 435.
560 579 645 609 cum
673 567 878 622 legeretur:

771 629 797 690 ἦ
825 631 955 688 κάρτα
983 634 1137 681 νείκους
1163 633 1276 677 τοῦδ’
1305 633 1390 691 ἐγὼ
1417 632 1682 692 παροίχομαι,

71 704 311 746 Hermannus
332 696 534 757 reprobata
554 698 778 741 scholiastae
798 697 1056 754 explicatione,
1083 701 1149 740 καὶ
1175 700 1292 742 τοῦτο
1320 701 1449 742 ποιιῖιν
1475 699 1594 745 ἐκτὸς
1618 698 1763 755 ἔσομαι
1791 702 1862 741 τοῦ
1891 700 2047 746 νείκους
2072 700 2188 747 θεοῖς
2214 703 2441 760 ὑπηρετῶν,

72 771 162 826 quia
183 768 289 810 chori
309 766 423 808 verba
446 780 482 807 v.
502 764 595 810 438.
623 764 777 806 πολλῶν
797 762 972 806 ἄκουσον
998 764 1159 821 τέρματ’
1181 765 1347 809 αῐδοίων
1366 765 1499 821 λόγων
1521 771 1600 809 tam
1619 779 1672 811 ex
1692 764 1856 822 abrupto
1880 765 2065 816 accidant,
2091 773 2136 809 ut
2154 768 2292 823 aliquid
2312 772 2440 824 requi-

71 847 200 877 ramus
227 845 302 888 quo
332 830 494 873 adducta
526 833 575 872 sit
605 831 733 886 virgo,
768 833 813 871 ut
838 831 892 871 sic
919 829 1060 872 abseise
1086 832 1168 888 regi
1193 833 1383 890 optionem
1409 831 1493 882 det,
1508 846 1567 888 >eo
1596 836 1781 889 apparere
1805 830 1897 874 dicit
1923 845 2073 874 versum
2097 833 2211 874 istum
2234 847 2311 876 non
2336 836 2439 893 regis

72 915 170 950 esse,
199 897 265 940 sed
287 897 393 939 chori
413 894 653 952 intelligentis
671 890 906 952 pereundum
928 893 999 937 sibi
1018 909 1100 938 esse
1118 910 1186 953 per
1205 897 1550 955 tergiversationem
1570 898 1684 956 regis.
1714 893 1845 953 Itaque
1866 896 1973 939 illum
1990 910 2140 939 versum
2165 899 2217 939 sie
2241 900 2438 955 scriptum:

792 970 818 1030 ἦ
846 971 966 1027 κάρτ’
993 970 1177 1018 ἄνοικτος
1200 972 1313 1014 τοῦδ’
1341 972 1425 1028 ἐγὼ
1452 974 1716 1032 παροίχομαι,

71 1053 188 1095 choro
221 1051 404 1093 tributum
441 1057 527 1093 ante
561 1065 596 1091 ν.
625 1048 718 1095 438.
744 1051 892 1106 posuit;
928 1048 1139 1106 putandum
1166 1055 1288 1092 autem
1315 1064 1397 1091 esse
1430 1050 1569 1092 ducem
1590 1050 1697 1092 chori
1726 1050 1775 1092 ad
1802 1064 1956 1091 sorores
1984 1064 2076 1091 suas
2102 1064 2321 1093 conversam
2349 1053 2440 1094 haec

73 1117 212 1165 dicere,
240 1123 323 1158 tum
350 1122 476 1159 autem
504 1118 585 1173 regi
612 1114 860 1172 respondere:

793 1180 947 1222 πολλῶν
975 1179 1148 1223 ἄκουσον
1176 1180 1335 1238 τέρματ’
1363 1181 1528 1223 αἰδοίων
1555 1181 1697 1236 λόγων.

72 1249 308 1303 Quamquam
343 1248 437 1290 haec
471 1251 568 1290 ratio
602 1248 904 1304 ingeniosissima
930 1252 1006 1296 est,
1040 1251 1165 1289 tamen
1198 1248 1297 1288 iusto
1330 1247 1508 1289 audacior
1534 1246 1627 1288 mihi
1653 1246 1802 1289 videtur
1829 1261 1873 1289 ac
1900 1250 1969 1289 vix
1995 1248 2179 1304 explicari
2205 1262 2319 1304 posse
2346 1263 2443 1304 quo-

70 1313 184 1356 modo
207 1313 347 1356 factmn
370 1315 420 1356 sit
444 1318 489 1356 ut
509 1327 641 1355 versus
660 1312 721 1355 ille
742 1325 814 1355 suo
836 1311 920 1354 loco
941 1317 1165 1354 moveretur.
1191 1312 1251 1355 Ae
1269 1313 1360 1354 mihi
1378 1312 1529 1368 quidem
1549 1312 1711 1368 abrupta
1737 1310 1801 1353 illa
1827 1318 1866 1353 et
1892 1312 2041 1354 abscisa
2065 1315 2257 1370 virginum
2283 1328 2442 1371 respou-

72 1383 128 1421 sio
148 1379 533 1422 accommodatissima
550 1378 711 1421 videtur.
738 1377 869 1434 Itaque
888 1376 992 1420 illum
1012 1391 1163 1439 versum
1183 1392 1253 1434 ego
1275 1378 1357 1420 loco
1380 1392 1458 1420 non
1479 1379 1679 1428 moverim,
1707 1378 1774 1420 sed
1794 1383 1922 1434 aperte
1948 1384 2171 1435 corruptum
2190 1382 2245 1422 sic
2264 1380 2442 1423 emendo:

726 1455 753 1513 ἦ
781 1455 913 1512 κάρτα
941 1455 1097 1501 νείκους
1120 1454 1231 1497 τοῦδ’
1258 1455 1406 1509 ἀγῶν’
1434 1454 1732 1513 ἀπεύχομαι,

71 1549 166 1590 quae
194 1541 230 1577 et
257 1533 564 1591 praecedentibus
592 1539 628 1576 et
656 1531 938 1589 insequentibus
965 1531 1089 1575 verbis
1115 1534 1252 1589 optime
1278 1533 1513 1574 conveniunt.
1545 1531 1720 1573 Ceterum
1746 1532 1791 1573 cf.
1813 1532 1889 1590 Ag.
1917 1546 1949 1572 v.
1974 1532 2107 1577 1332:
2136 1533 2227 1588 ἐμοὶ
2255 1534 2297 1574 δ’
2325 1535 2440 1590 ἀγὼν

72 1601 99 1641 ὅ
123 1615 144 1641 ε
172 1624 225 1631 -
255 1600 387 1658 νείκης
412 1599 583 1645 παλαιᾶς
607 1598 723 1657 ἦλθε.
1523 1622 1529 1629 ·

244 1676 293 1718 V.
329 1676 421 1721 449.
473 1675 594 1718 Libri:
629 1674 787 1733 ἥκουσα
817 1677 1106 1733 μακιστῆρα
1139 1673 1308 1730 καρδίας
1337 1674 1472 1728 λόγον,
1516 1678 1553 1715 et
1589 1673 1644 1715 M.
1678 1675 1718 1715 in
1757 1675 1833 1715 ima
1866 1676 2007 1730 pagina
2048 1674 2281 1732 adscriptum
2322 1676 2437 1719 habet

68 1745 298 1801 μακιστῆρα
318 1742 392 1791 ἰόν,
417 1741 521 1799 quod
541 1743 581 1784 in
602 1741 649 1785 G.
666 1755 702 1783 v.
719 1740 812 1786 469.
837 1754 955 1797 supra
978 1740 1207 1797 adscriptum
1226 1745 1292 1782 est.
1320 1739 1414 1781 Post
1432 1740 1623 1781 Auratum
1650 1750 1736 1780 eum
1757 1737 1947 1781 Stanleius
1976 1739 2111 1796 aliique
2131 1745 2439 1800 μαστικτῆρα

71 1808 308 1851 scribendum
332 1810 582 1857 censuissent,
609 1807 851 1849 Hermannus
878 1806 1101 1849 scholiastae
1126 1807 1418 1855 annotationem,
1444 1804 1601 1863 ἤκουσα
1627 1804 1745 1858 λόγον
1772 1804 1946 1860 καρδίας
1970 1805 2165 1863 δηκτικόν,
2195 1806 2285 1849 dicit
2312 1813 2438 1850 osten·

70 1875 157 1918 dere
185 1876 367 1932 seriptum
394 1873 509 1917 fuisse
538 1872 795 1932 δακνιστῆρα.
822 1872 920 1916 Mihi
946 1873 1105 1931 propius
1133 1871 1183 1915 ad
1208 1871 1347 1915 litteras
1375 1870 1548 1914 accedere
1575 1869 1725 1914 videtur
1752 1870 1846 1914 haec
1873 1873 2077 1929 scriptura:
2099 1893 2103 1898 -

792 1939 953 2000 ἤκουσά
974 1954 1069 1996 μου
1096 1940 1330 1997 κνιστῆρα
1356 1936 1529 1993 καρδίας
1551 1936 1684 1991 λόγον.

71 2009 146 2051 cfr.
176 2009 297 2066 Soph.
327 2006 421 2063 Oed.
449 2008 497 2050 R.
527 2023 561 2048 v.
591 2007 703 2053 786.:
731 2006 858 2056 ἔκνιζέ
881 2008 925 2063 μ’
952 2006 1018 2048 ἀεὶ
1044 2007 1172 2048 τοῦτο.

243 2084 294 2128 V.
322 2083 415 2132 482.
443 2085 602 2130 Omnes:
630 2084 825 2143 φύλαξαι,
850 2084 909 2144 μὴ
939 2083 1100 2142 θράσος
1125 2082 1215 2141 τέκῃ
1244 2082 1417 2139 φόβον.
1456 2081 1554 2124 Mihi
1582 2082 1736 2139 φόνον
1764 2083 2002 2126 scribendum
2029 2083 2177 2126 videtur
2204 2085 2316 2142 idque
2346 2101 2437 2129 con-

51 2153 210 2195 'firmari
236 2152 361 2195 verbis
388 2167 485 2208 quae
512 2157 740 2208 sequuntur:
768 2152 835 2193 καὶ
862 2150 913 2209 δὴ
943 2150 1058 2207 φίλον
1088 2165 1146 2196 τις
1171 2147 1329 2191 ἔκταν’
1356 2147 1523 2202 ἀγνοίας
1549 2147 1638 2190 ὕπο.

245 2228 294 2270 V.
320 2227 413 2274 498.
442 2228 565 2272 Libri:
601 2228 666 2271 ἀεὶ
694 2227 734 2269 δ’
762 2228 988 2270 ἀνάκτων
1023 2227 1106 2270 ἐστὶ
1134 2227 1235 2281 δεῖμ’
1262 2225 1454 2275 ἐξαίσιον,
1489 2227 1529 2267 in
1556 2225 1694 2282 quibus
1722 2232 1849 2283 aperte
1877 2232 2098 2283 corruptum
2127 2229 2310 2271 ἀνάκτων
2337 2228 2437 2272 Her·

69 2307 230 2337 mannus
264 2298 303 2337 iu
336 2294 594 2351 ἀνάρκτων
628 2296 809 2346 mutavit3
848 2308 931 2337 esse
964 2296 1063 2336 enim
1096 2294 1257 2350 virgines
1290 2291 1516 2348 ἁνάρκτους
1548 2289 1701 2333 absente
1735 2297 1853 2348 patre.
1910 2291 2054 2335 Verum
2089 2293 2164 2336 hoc
2196 2294 2367 2352 quidem,
2399 2302 2439 2339 et

69 2360 213 2415 puellas
240 2366 443 2417 propterea
469 2375 587 2416 supra
613 2360 767 2402 modum
795 2362 925 2402 timere
953 2366 1239 2402 consentaneum
1265 2362 1339 2406 est3
1366 2357 1432 2398 csr.
1462 2372 1495 2398 v.
1521 2356 1632 2400 719.:
1659 2359 1757 2414 γυνὴ
1784 2357 2006 2411 pomos&
2034 2359 2168 2410 οὐδέν,
2197 2361 2265 2402 sed
2292 2376 2370 2403 non
2398 2365 2437 2403 in

69 2426 286 2469 universum
314 2440 396 2469 eam
423 2427 645 2469 sententiam
673 2426 829 2483 probari
854 2440 968 2483 posse
995 2426 1101 2483 puto.
1130 2422 1373 2467 scribendum
1401 2421 1567 2465 videtur:

857 2493 923 2534 ἀεὶ
950 2493 1191 2546 γυναικῶν
1218 2489 1299 2531 ἐστι
1326 2487 1430 2543 δεῖμ’
1455 2487 1641 2535 ἐξαίσιον.

247 2570 294 2610 V.
320 2569 413 2613 500.
441 2569 522 2610 ἀλλ’
550 2568 636 2611 οὔτι
663 2569 792 2625 δαρὸν
814 2569 969 2627 χρόνον
997 2569 1201 2626 ἐρημώσει
1227 2566 1371 2624 πατὴρ.

245 2645 503 2688 Hermannus:
550 2649 685 2688 »Deest
712 2661 927 2698 pronomen,
968 2661 1080 2699 neque
1114 2647 1309 2696 Aeschylus
1336 2641 1491 2700 χρόνον
1525 2651 1678 2695 utraque
1710 2647 1808 2685 brevi
1841 2647 1876 2683 in
1913 2648 2027 2685 medio
2063 2650 2216 2689 trimetro
2244 2652 2437 2700 poenatem,

75 2713 194 2759 Quare
222 2712 302 2754 ἀλλ’
331 2712 415 2755 οὔτι
444 2712 571 2769 δαρόν
590 2714 626 2753 σ’
646 2712 900 2770 ἐξερημώσει
927 2713 1058 2770 πατὴρ
1085 2714 1248 2765 scripsi.-
1280 2708 1421 2751 Dubito
1450 2723 1499 2750 an
1525 2707 1752 2765 ἐξερημοῦν
1779 2723 1864 2751 cum
1892 2724 2078 2765 personae
2107 2716 2320 2755 accusativo
2348 2719 2439 2770 poni

70 2789 147 2818 non
172 2780 310 2833 possit,
340 2785 437 2821 certe
464 2778 637 2836 exempla
664 2778 850 2821 desidero.
878 2778 1007 2835 ltaque
1033 2776 1159 2820 malim
1185 2774 1265 2817 ἀλλ’
1292 2771 1376 2814 οὔτι
1404 2772 1563 2840 δἀρὸν
1589 2772 1649 2832 δή
1678 2775 1722 2814 σ’
1751 2774 2010 2832 ἐρημώσει
2038 2775 2184 2835 πατήρ.

594 2855 644 2897 V.
671 2855 764 2899 501.
793 2870 843 2897 s.:
871 2855 956 2910 ἐγὼ
983 2854 1031 2895 δὲ
1056 2854 1182 2900 λαοὺς
1203 2850 1409 2907 συγκαλῶν
1436 2850 1668 2909 ἐγχωρίους
2085 2856 2090 2859 ’

875 2921 1047 2970 πείσω,
1076 2921 1123 2961 τὸ
1150 2918 1280 2961 κοινὸν
1305 2917 1366 2962 ὡς
1390 2915 1441 2958 ἂν
1468 2916 1639 2971 εὐμενὲς
1663 2916 1779 2959 τιθῶ.

71 2991 136 3036 Sic
158 2993 398 3042 Hel-mannus
418 3013 504 3042 cum
519 2999 724 3051 Turnebo;
750 3014 821 3058 pro
849 2998 976 3042 πείσω
1003 2997 1057 3041 Μ.
1085 3011 1220 3047 πιετω,
1249 2995 1293 3038 G.
1314 2996 1354 3037 in
1373 3007 1469 3053 πυτς.
1492 2999 1530 3036 et
1548 2993 1590 3037 P.
1618 2994 1759 3044 πιέτω,
1788 2995 1836 3040 G.
1864 2998 1904 3039 in
1933 3003 2115 3041 contextu
2141 3002 2180 3040 et
2205 2997 2248 3041 E.
2280 2997 2436 3040 ἐπιέτω.

69 3059 125 3101 At
158 3062 282 3105 πείσω
317 3068 350 3107 si
383 3065 578 3115 scribitur,
611 3079 690 3107 non
717 3066 939 3121 συγκαλῶν,
975 3064 1040 3106 sed
1067 3062 1317 3117 συγκαλέσας
1347 3060 1547 3103 dicendum
1581 3069 1674 3104 erat.
1729 3063 1862 3120 Itaque
1896 3066 1987 3106 mihi
2023 3065 2259 3108 scribendum
2288 3065 2439 3107 videtur

70 3125 245 3178 σπεύσω,
272 3137 323 3172 ut
343 3133 551 3187 συγκαλῶν
578 3132 748 3174 futurum
777 3135 844 3182 sit,
873 3133 918 3174 ad
947 3144 1100 3185 eamque
1128 3131 1349 3192 scripturam
1377 3126 1480 3170 ducit
1508 3126 1555 3170 G.
1582 3135 1621 3171 et
1644 3128 1685 3171 E.
