2720 3459
1400 177 1460 222 22

416 323 465 365 V.
491 323 584 367 814.
614 336 644 363 s.
681 322 806 364 Libri:
843 321 1008 376 αἵμονες
1032 322 1094 368 ὡς·
1119 322 1297 378 ἐπάμιδα
1333 322 1526 379 (ἐπαμίδα
1554 322 1600 365 G.
1628 321 1692 371 E„
1721 321 1781 364 ἐπ’
1808 321 1934 378 ἀμίδα
1961 320 2077 376 Rob.)
2116 321 2338 379 ησοδουπια
2366 321 2609 380 (ἠσυδουπία

240 389 284 433 G.
300 389 344 432 E.
359 388 478 443 Rob.)
499 389 649 431 τάπιτα.
678 386 769 431 Inde
784 387 1025 431 Hermannus
1044 391 1284 446 sagacissime
1304 391 1421 443 (utin
1441 389 1513 431 hac
1531 393 1612 430 tota
1631 388 1746 431 huius
1764 388 1911 431 tabulae
1931 392 2038 445 parte
2057 387 2287 430 admirabilis
2300 389 2373 443 est)
2392 390 2608 431 extricavit:

1037 477 1057 486 ‘
1086 454 1216 511 αἵμον’
1243 452 1343 502 ἴσως
1367 454 1415 497 σέ
1442 454 1477 508 r’
1505 451 1565 495 ἐπ’
1591 452 1728 509 ἄμαλα

1085 521 1175 577 ἥσει
1203 520 1370 563 δουπίαν
1397 520 1489 560 τάπὶ
1515 520 1585 576 γᾷ,

239 597 418 630 cruentum
445 597 477 629 te
491 592 656 640 sortasse
682 591 814 629 mittent
838 591 877 628 in
905 603 1028 629 navem
1055 591 1182 641 copiae
1208 595 1386 630 tamo-cs
1406 588 1636 637 Amicorum,
1663 587 1846 629 incertum
1873 587 2097 643 relinquens,
2124 599 2257 627 navem
2285 586 2453 628 δουπίαν
2480 593 2608 628 utrum

238 668 318 695 cum
344 656 493 706 strepitu
518 656 771 706 αιῴιςίοηίοιη,
801 666 870 703 an,
898 657 942 694 ut
967 651 1043 694 sere
1072 650 1235 694 δουπεῖν
1260 655 1484 707 usurpetur,
1512 654 1712 703 periuram
1744 651 1857 695 dieat.
1909 651 2096 708 Equidem
2122 654 2241 694 artius
2267 651 2410 694 litteras
2435 666 2609 710 premens

237 720 399 775 primum
423 732 495 774 pro
520 715 622 763 ἴσως
644 717 769 759 malim
791 715 889 766 ἔσω,
916 722 997 759 tum
1025 716 1188 758 δοόπιον
1213 715 1435 772 proleptice,
1464 715 1571 757 ὥστε
1597 714 1776 767 δουπεῖν,
1804 718 1854 759 ad
1874 717 1923 759 σέ
1945 723 1989 759 ut
2006 716 2207 766 reseratum
2233 724 2426 773 praeterea
2448 717 2608 759 sortasse

238 784 282 825 o’
308 781 369 825 ἔτ’
396 797 469 839 pro
498 781 547 825 σέ
574 783 616 837 γ’
644 782 900 833 scribendum,
928 790 983 833 et,
1012 783 1044 824 si
1072 780 1155 824 ἔσω
1182 795 1312 823 verim
1340 786 1415 831 est,
1442 795 1514 838 pro
1542 779 1602 823 ἐπ’
1629 780 1756 824 malim
1783 781 1845 829 ἐςε
1947 807 1960 816 κ

707 849 836 904 αᾷιον’
863 847 947 891 ἔσω
975 848 1022 890 σέ
1049 849 1084 901 γ’
1112 848 1187 900 (vel
1214 848 1249 889 d
1277 846 1346 895 ἔτ’)
1376 846 1423 892 ἐς
1447 846 1583 902 ἄμαλα
1613 848 1619 900 Ι
1647 847 1738 904 ἥσει
1765 847 1930 889 δοόπιον
1957 848 2049 890 τάπὶ
2076 850 2143 904 γᾷ,

597 919 706 968 blutiq
732 918 829 956 wird
854 916 937 955 dich
964 916 1052 955 noch
1079 916 1197 955 hinein
1224 917 1263 953 in
1290 916 1360 954 das
1388 915 1509 966 Schvff
1530 917 1591 953 mit
1616 916 1741 954 Krach
1770 916 1828 955 die
1854 917 2085 955 Landmacht
2108 919 2249 966 wer-fen.

417 991 576 1037 V..819
599 1006 650 1034 s.:
679 990 782 1047 λεῖφ’
809 989 978 1047 ἕδρανα,
1004 989 1059 1031 κί’
1086 988 1134 1036 ἐς
1159 989 1261 1046 δόρυ

678 1056 864 1096 ἀτιέτανα
881 1055 989 1096 πόλιν
1004 1055 1192 1110 εὐσεβῶν
1206 1056 1352 1110 (sicM.,
1370 1056 1489 1097 drier’
1504 1055 1690 1097 ἀναπόλιν
1704 1056 1762 1105 G,
1780 1056 1915 1097 ἀτίταν
1929 1055 2067 1097 ἄπολιν
2082 1056 2137 1105 Ρ.,
2158 1057 2276 1097 ἀτίετ’
2290 1042 2478 1098 ἀνᾶπολιν
2492 1056 2608 1108 Rob.)

236 1122 382 1166 Schol.:
408 1123 565 1177 μήποτε
588 1138 643 1176 μ
626 1121 773 1177 ς-τέχων
803 1123 918 1177 τιμῆς
942 1120 987 1161 ἐν
1014 1122 1062 1176 τῇ
1090 1120 1202 1162 πόλει
1229 1124 1310 1162 τῶν
1338 1121 1539 1174 εὐσεβῶν,
1567 1127 1611 1162 ut
1630 1121 1787 1166 ἀτίετος
1806 1127 1872 1162 aut
1891 1120 2009 1162 ἀτίετ’
2031 1120 2108 1161 ἀνα
2133 1121 2241 1161 πόλιν
2264 1122 2451 1174 εὐσεβῶν
2474 1122 2608 1177 legisse

236 1187 427 1239 videatur3
454 1186 556 1244 vulg.
586 1185 705 1229 ἀτίετ’
732 1185 809 1227 ἀνὰ
837 1184 945 1228 πόλιν
973 1183 1176 1241 εὐσεβῶν.
1205 1185 1464 1229 Hermannus:
1496 1201 1627 1241 »quum
1654 1189 1693 1228 hi
1717 1194 1787 1229 tres
1813 1202 1938 1229 versus
1961 1189 2155 1241 praeconis
2183 1202 2259 1228 esse
2281 1196 2507 1241 putarentur,
2535 1202 2608 1228 non

236 1258 440 1295 mirandum
459 1263 511 1294 est
527 1257 629 1307 quod
647 1256 829 1294 emendari
845 1268 919 1293 non
933 1261 1139 1306 potuerunt.
1170 1256 1314 1306 Scripsi
1328 1253 1488 1299 ἀτίετος·
1507 1256 1607 1306 quod
1627 1262 1680 1294 eet
1697 1257 1889 1306 impune,
1916 1262 1949 1294 et
1968 1253 2148 1307 ἀσεβῶν.
2177 1255 2286 1294 Abire
2306 1256 2423 1294 iubent
2444 1255 2488 1293 ab
2510 1255 2607 1293 sedi·

236 1325 301 1362 bue
327 1324 404 1360 mis
427 1333 639 1371 praeconem
666 1321 809 1370 impune
837 1322 874 1357 in
902 1321 988 1358 urbe
1014 1327 1180 1358 sacratas
1208 1322 1312 1359 sedec
1337 1322 1556 1359 violantem«
1588 1318 1702 1359 Recte
1721 1320 1800 1360 sine
1818 1318 1934 1359 dubio
1954 1319 2133 1372 ἀσεβῶν,
2162 1317 2208 1359 de
2236 1318 2314 1359 ἀνὰ
2334 1318 2444 1358 πόλιν
2464 1318 2607 1365 dubito,

235 1399 321 1428 eum
350 1384 456 1427 sedes
484 1383 568 1425 illae
595 1396 673 1434 non
701 1387 827 1425 essent
853 1384 893 1424 in
919 1382 1032 1431 urbe,
1061 1382 1128 1425 sed
1156 1382 1389 1439 aliquantum
1417 1382 1465 1425 ab
1493 1398 1538 1426 ea
1564 1382 1757 1425 distantes.
1813 1382 1892 1425 Sed
1927 1383 2117 1440 quomodo
2151 1383 2381 1425 emendanda
2416 1385 2487 1424 ista
2523 1385 2608 1431 sint,

235 1444 354 1492 valde*
370 1452 550 1491 incertum
578 1454 647 1492 est.
675 1448 806 1499 Possis
834 1450 1031 1491 coniicere:
1061 1448 1199 1499 ἀτίετ’,
1227 1447 1365 1503 ἄναγε,
1393 1447 1506 1490 πωλέ’
1534 1448 1715 1504 ἀσεβῶν,
1745 1448 1803 1491 vel
1830 1447 1954 1503 ἄναγε
1982 1448 2108 1499 πάλιν,
2138 1448 2215 1499 ἀσ.,
2244 1448 2301 1490 vel
2330 1448 2479 1503 ἀνάγε’,
2509 1447 2607 1495 ὀλέ’,

234 1516 315 1563 do„
343 1515 460 1556 ἀτίετ’
489 1521 532 1555 ut
551 1529 635 1556 cum
655 1514 838 1569 ἀσεβῶν,
866 1521 912 1555 ut
934 1515 1176 1556 Hermannus
1204 1515 1304 1564 vult,
1333 1517 1523 1571 iungatur.
1561 1514 1798 1571 Quamquam
1824 1517 1949 1557 nescio
1979 1529 2026 1557 an
2053 1529 2125 1571 pro
2151 1515 2269 1555 ‹iz-is?
2297 1514 2531 1556 scribendum
2561 1517 2610 1555 sit

234 1581 380 1638 ἀνίερ’;
408 1580 475 1622 cfr.
504 1595 538 1621 ν.
567 1580 660 1623 727.
688 1577 829 1633 ’Ἀναγε
857 1586 894 1621 et
921 1578 1072 1634 dvdreo
1099 1579 1410 1637 proficiscere
1437 1581 1562 1628 navi3
1601 1579 1707 1630 ὀλέο,
1729 1584 1820 1633 peri.
1879 1579 2063 1622 Commoti
2091 1586 2147 1621 est
2174 1582 2286 1621 animi
2314 1582 2463 1635 signum
2492 1583 2608 1635 impe-

232 1648 378 1688 rativus
399 1647 496 1687 inter
515 1644 652 1687 ἀτίετα
673 1645 747 1700 (vel
766 1644 927 1701 ἀνίερα)
948 1650 986 1687 et
1005 1645 1174 1699 ἀσεβῶν
1193 1647 1449 1701 interpositus.
1480 1645 1654 1687 Ceterum
1682 1647 1871 1701 aptissime
1898 1644 2065 1701 procedit
2092 1646 2232 1686 oratio:
2263 1644 2422 1701 linque
2451 1644 2607 1694 sedes,

234 1712 248 1751 i
276 1712 321 1751 in
349 1724 531 1759 navem,
559 1708 895 1765 proficiscere,
923 1712 1035 1765 peri.

902 1774 949 1814 V.
973 1774 1066 1818 821.
1096 1790 1163 1815 ss.:
1188 1776 1344 1832 μήποτε
1372 1776 1485 1817 πάλιν
1513 1774 1630 1830 ἴδοιμ’

1188 1840 1452 1897 ἀλφεσίβοιον
1481 1839 1607 1897 ὕδωρ,

1190 1904 1309 1947 ἔνθεν
1337 1906 1553 1962 ἀεξόμενον

1186 1973 1372 2029 ζώφυτον
1399 1973 1521 2028 αἷμα
1546 1975 1729 2031 βρότοισι
1757 1974 1907 2017 θάλλει.

239 2038 288 2080 V.
306 2038 399 2083 824.
418 2052 490 2094 pro
512 2035 613 2091 αἷμα
632 2035 910 2094 Bambergerus
932 2040 1087 2080 coniecit
1110 2037 1231 2094 οἶδμα
1251 2038 1297 2081 de
1318 2039 1560 2083 inundatione
1579 2040 1653 2083 Nili
1674 2041 1713 2083 id
1732 2041 1959 2099 intelligens3
1987 2056 2058 2098 ego
2088 2042 2212 2083 malim
2242 2041 2374 2096 οἷσμα,
2404 2040 2423 2082 f
2426 2046 2607 2090 ructus,

240 2106 280 2159 (i.
298 2119 333 2160 q.
365 2103 507 2159 φέρμα
535 2117 569 2142 v.
590 2101 688 2151 661,
717 2117 739 2143 a
767 2101 896 2144 futuro
924 2101 1024 2144 οἴσω
1052 2103 1276 2152 ἀετίνεωωε,
1304 2106 1348 2146 cf.
1379 2106 1512 2152 οἷστός
1536 2113 1572 2148 ct
1600 2107 1780 2163 φερτός.)
1807 2115 1964 2164 propter
1984 2108 2153 2164 Aegypti
2183 2121 2361 2163 agrorum
2382 2107 2469 2148 Nilo
2498 2110 2607 2148 inun—

235 2170 413 2212 daturum
443 2168 681 2210 fertilitatem.

877 2222 926 2264 V.
954 2223 1065 2268 822:
1101 2225 1150 2266 οὐ
1179 2224 1218 2266 δ’
1247 2225 1289 2266 ἐν
1319 2227 1401 2277 ναΐ,
1430 2227 1496 2268 ναῒ
1519 2228 1642 2281 βάσει
1670 2230 1792 2285 τάχα

1103 2289 1247 2337 θέλεος·
1272 2291 1453 2339 ἀθέλεος.

235 2357 349 2398 Recte
378 2357 620 2398 Hermannus
648 2363 770 2397 metro
799 2356 949 2397 iubente
977 2356 1020 2396 ἐν
1049 2360 1220 2405 inseruit3
1257 2372 1326 2413 pro
1355 2361 1478 2417 τάχα
1507 2367 1648 2410 autem,
1682 2375 1728 2402 ne
1757 2361 1954 2402 dochmius
1982 2360 2077 2401 male
2106 2362 2143 2401 in
2173 2360 2321 2402 brevem
2350 2369 2478 2409 exeat,
2516 2364 2606 2403 scri-

236 2421 399 2464 bendum
426 2429 521 2479 puto
551 2423 686 2480 τάχος.

414 2488 460 2530 V.
487 2488 580 2533 842.
616 2488 911 2545 Corruptissime
939 2488 994 2530 M.
1021 2487 1192 2544 λύμασις·
1218 2470 1574 2545 ὑπρογασολάωιει,
1605 2494 1650 2536 G.
1672 2493 1841 2547 λύμασις
1868 2492 2199 2548 ὑπρογασυλᾶσκε
2202 2508 2227 2541 ι,
2255 2493 2298 2534 Ε.
2321 2493 2417 2534 Rob.
2441 2493 2608 2546 λύμασις

239 2552 599 2609 ὑπρογασυλασκοι,
628 2561 664 2597 et
692 2569 726 2596 v,
750 2553 833 2601 843
862 2554 902 2596 1ιί
930 2568 1061 2597 omnes
1090 2556 1344 2614 περιχαμπτὰ
1371 2557 1845 2613 βρυαζεις.Ηε1·111111111115
1873 2558 1965 2601 haec
1992 2559 2046 2600 sic
2073 2557 2299 2601 emendavit:

1028 2621 1251 2675 λυμανῦεὶ-
1276 2622 1326 2663 σὺ
1353 2624 1432 2678 πρὸ
1461 2626 1537 2676 γᾶς
1562 2624 1748 2670 ὑλάσκοις

1029 2687 1259 2743 περίκομπα
1285 2688 1492 2744 βροᾶζων,

237 2755 461 2793 excruciatus
491 2762 528 2793 tu
562 2763 642 2795 ante
674 2763 802 2795 terram
840 2754 894 2809 (h.
923 2769 955 2796 e.
985 2758 1023 2794 in
1051 2758 1163 2809 mari)
1199 2757 1306 2795 latres
1338 2759 1494 2807 ‚qr-andiu
1528 2761 1676 2799 iactans.
1725 2758 1853 2801 Minus
1882 2757 1975 2800 haec
2010 2758 2101 2799 mihi
2135 2758 2300 2814 placent;
2335 2760 2465 2814 priora
2494 2758 2605 2800 verba

237 2824 282 2859 ut
312 2820 387 2859 iam
420 2820 459 2859 in
494 2818 706 2861 Observatt.
739 2823 835 2863 critt.
863 2823 903 2862 in
930 2820 1116 2877 Aeschyli
1151 2819 1347 2863 Oresteam
1382 2820 1628 2878 (Programm.
1657 2823 1771 2866 Posn.
1804 2815 1925 2877 1837)
1952 2838 1991 2879 p.
2018 2823 2056 2868 9.
2085 2826 2254 2872 correxi,
2290 2825 2344 2865 sic
2369 2826 2481 2866 etiam
2507 2838 2608 2866 nunc

236 2884 474 2926 scribendum
502 2891 616 2940 puto:
642 2886 769 2940 λύμας
796 2887 839 2928 οἶ
863 2887 913 2929 σὺ
941 2887 1111 2943 προβὰς·
1136 2886 1332 2931 ὖλᾶωιεις.
1383 2887 1455 2928 Pro
1483 2902 1533 2928 πε
1511 2891 1738 2946 ..ριχαμπτά
1764 2896 1889 2932 autem
1917 2896 1983 2931 aut
2009 2904 2095 2931 eum
2120 2889 2338 2931 Hermanno
2366 2889 2606 2945 περίκομπα,

237 2956 304 2991 aut
331 2949 436 3005 quod
463 2953 621 3007 propius
650 2950 699 2993 ad
724 2952 866 2995 litteras
894 2954 1035 2996 accedit
1069 2967 1155 2996 cum
1184 2952 1424 2996 Schwerdtio
1459 2955 1681 3013 περιχανὸά
1706 2955 1859 2998 scribas.
1918 2955 1996 2998 Sed
2023 2957 2134 2998 etiam
2164 2971 2260 3012 quae
2294 2962 2505 3013 sequuntur
2539 2956 2605 2999 de-

236 3022 395 3071 pravata
423 3023 522 3058 sunt.
566 3016 717 3059 Habent
744 3025 868 3060 autem
895 3020 981 3062 libri
1007 3021 1118 3063 haec:
1148 3019 1198 3067 ὃς·
1222 3019 1385 3076 ἐρωτᾶς·
1410 3018 1586 3077 (ἐρωτᾷς
1612 3022 1656 3065 G.
1685 3022 1847 3079 ἐρωτᾶς
1870 3022 1986 3077 Rob.)
2015 3023 2037 3063 ὃ
2063 3021 2202 3079 μέγας
2222 3022 2364 3069 Νεῖλος
2389 3022 2610 3080 ὑβρίζοντά

240 3095 287 3121 σε
314 3082 537 3139 ἀποτρέψει
565 3081 745 3124 ἔναιστον
774 3083 906 3141 ὕβριν,
941 3086 1040 3128 unde
1068 3085 1274 3129 Turnebus
1303 3085 1586 3142 ἀποτρέψειεν,
1621 3088 1757 3132 ἄιστον
1786 3088 1918 3146 ὕβριν.
1973 3089 2075 3133 Haec
2103 3089 2342 3133 Hermannus
2376 3089 2485 3146 plena
2520 3095 2608 3146 post

238 3146 432 3203 βρυάζων
457 3151 584 3204 posita
611 3152 908 3206 interpunctione
937 3155 988 3195 sic
1016 3155 1196 3196 correxit:
