2720 3459
1319 200 1348 247 2

318 345 480 387 Tua-de
511 346 632 387 Carm.
653 344 735 394 ll,1
767 346 975 403 disputatio
1003 349 1125 404 primo
1154 363 1238 390 eum
1265 362 1347 389 eam
1377 347 1549 403 legissem
1577 339 1685 388 facile
1713 347 1803 388 mihi
1832 347 2085 404 persuadebat
2112 357 2224 403 atque
2253 348 2301 391 ad
2317 348 2441 391 Tuam
2463 364 2521 391 me

143 412 360 453 sententiam
391 410 610 452 adducebat.
668 412 728 453 Ae
752 413 900 453 tertiam
929 412 1080 469 quidem
1108 413 1324 470 stropham:

911 490 1088 532 Paullum
1116 505 1266 533 severae
1294 492 1408 533 Musa
1435 489 1651 545 tragoediae

912 555 1020 598 Desit
1046 556 1220 598 theatris:
1258 570 1349 598 mox
1375 555 1439 597 ubi
1467 553 1639 611 publicas

913 621 991 663 Res
1018 622 1223 671 ordinaris,
1249 620 1391 682 grande
1418 634 1557 660 munus

914 687 1095 744 Cecropio
1123 692 1267 743 repetes
1294 684 1493 735 cothurno,

139 778 250 819 quam
268 763 554 820 Peerlkampius
575 763 831 815 damnaverat,
859 766 939 822 ipse
966 779 1115 821 quoque
1143 768 1226 816 ante
1254 760 1326 803 hos
1354 760 1655 818 quattuordecim
1683 776 1815 813 annos,
1843 765 1932 819 quia
1959 776 2027 805 nec
2053 763 2163 805 haec:
2186 766 2351 816 paullum
2377 778 2520 805 severae

141 832 252 868 Musa
289 831 496 880 traqoediae
540 832 632 869 desit
658 833 814 878 theam-is,
850 829 941 870 mihi
967 829 1178 886 placebant,
1220 832 1257 867 et
1291 829 1329 868 in
1364 827 1443 868 his:
1485 831 1548 867 ubi
1568 832 1736 879 publicas
1763 844 1821 869 res
1849 832 2045 877 ordinaris,
2081 828 2302 876 haerebam,
2338 834 2517 883 tanquam

137 898 350 950 suspectam
378 900 612 936 notaveram.
654 895 717 936 Tu
744 909 835 937 vero
863 898 937 937 iam
964 910 1008 937 ea
1033 893 1212 937 attuleras
1233 899 1466 951 argumenta,
1495 908 1591 950 quae
1613 893 1756 937 nullam
1773 893 2045 937 dubitationem
2063 894 2272 951 relinquere
2293 893 2518 937 viderentur.

122 953 280 1001 'Deinde
296 959 363 1001 Tu
390 960 571 1015 strophas
600 962 795 1016 septimam
823 965 861 1002 et
885 975 1022 1002 nonam
1049 966 1154 1001 tanta
1180 957 1405 1014 eloquentia.
1432 964 1539 1001 tanto
1568 961 1708 1017 ingenii
1735 962 1916 1011 acumine,
1943 965 2002 1002 tot
2019 966 2170 1016 tamque
2193 960 2374 1017 gravibus
2402 975 2518 1016 argu-

137 1027 272 1067 mentis
301 1027 609 1082 impugnaveras,
637 1031 681 1066 ut
708 1040 857 1067 causam
879 1040 1005 1067 earum
1032 1026 1223 1081 suscipere
1250 1037 1340 1066 sane
1366 1024 1669 1080 periculosae
1697 1024 1887 1082 plenum
1915 1040 2032 1082 opus
2062 1025 2187 1068 aleae
2214 1039 2297 1067 esse
2319 1025 2517 1068 videretur.

136 1089 267 1146 ltaque
298 1092 410 1131 etiam
439 1089 485 1131 de
515 1090 573 1131 his
601 1089 748 1131 duabus
777 1089 942 1146 strophis
969 1088 1074 1130 facile
1096 1088 1186 1131 Tibi
1215 1089 1457 1136 assentiebar.
1498 1089 1577 1133 Sed
1606 1090 1652 1133 de
1678 1104 1781 1134 nona
1809 1091 1969 1148 stropha
1997 1105 2113 1133 unum
2140 1099 2233 1141 erat,
2262 1093 2299 1132 in
2319 1105 2395 1146 quo
2417 1106 2439 1133 a
2460 1091 2517 1133 Te

135 1154 436 1199 dissentiendum
465 1156 554 1198 mihi
579 1162 758 1212 putarem.
814 1155 910 1199 Nam
938 1156 1041 1211 quia,
1070 1170 1155 1198 cum
1182 1157 1222 1199 in
1249 1160 1383 1199 octava
1409 1156 1587 1214 stropha:

904 1231 998 1278 Quis
1026 1245 1104 1271 non
1131 1231 1269 1272 Latino
1297 1235 1481 1289 sanguine
1507 1235 1688 1290 pinguior
1753 1231 1755 1233 ’

909 1297 1073 1352 Campus
1101 1297 1283 1352 sepulcris
1316 1300 1431 1354 impia
1459 1299 1602 1354 proelia

907 1361 1090 1405 Testatur
1118 1361 1362 1421 auditumque
1385 1362 1510 1408 Medis

904 1428 1109 1487 Hesperiae
1137 1431 1303 1471 sonitum
1331 1431 1491 1473 ruinae?

138 1508 182 1549 de
218 1506 458 1549 terrestribus
492 1507 646 1564 proeliis
689 1521 810 1547 sermo
845 1512 958 1555 esset,
1000 1507 1139 1547 horum
1174 1510 1361 1550 mentione
1397 1508 1496 1551 facta
1530 1524 1608 1551 non
1644 1510 1748 1551 facile
1782 1511 1862 1551 fieri
1899 1513 2069 1567 potuisse
2097 1510 2187 1551 mihi
2218 1510 2433 1558 videbatur,
2475 1518 2516 1550 ut

136 1575 287 1615 navales
315 1589 468 1629 pugnae
498 1574 646 1614 silentio
674 1576 1077 1629 praetermitterentur3
1111 1580 1178 1615 aut
1204 1591 1343 1617 nonam
1371 1576 1588 1632 stropham:

909 1650 981 1699 Qui
1011 1653 1093 1704 (leq.
1124 1652 1225 1709 quis)
1253 1667 1397 1710 gurges
1426 1658 1493 1696 aut
1520 1667 1617 1710 quae
1646 1653 1803 1696 flumina
1832 1653 2004 1711 lugubris

905 1717 1040 1773 Ignara
1067 1718 1180 1760 belli?
1216 1719 1319 1775 quod
1348 1733 1450 1761 mare
1478 1719 1650 1762 Daimiae

905 1784 992 1824 Non
1019 1784 1280 1826 decoloravere
1308 1785 1467 1826 caedes?

907 1848 1012 1897 Quae
1041 1854 1141 1891 caret
1168 1865 1236 1892 ora
1264 1865 1398 1893 cruore
1425 1850 1591 1892 nostro?

134 1928 402 1985 qualiscunque
436 1932 553 1975 esset,
588 1928 749 1975 servari,
793 1932 859 1966 aut
890 1927 963 1966 hoc
990 1929 1021 1967 si
1048 1927 1152 1967 nullo
1181 1927 1294 1968 modo
1322 1927 1403 1968 fieri
1431 1933 1576 1983 posset,
1611 1933 1784 1968 octavam
1813 1902 1991 1982 quoque}⁴
2014 1929 2254 1983 quantumvis
2283 1927 2380 1969 bona
2405 1935 2514 1976 esset,

132 1997 210 2036 eiici
238 2008 386 2035 necesse
415 2008 498 2034 esse
526 1992 804 2040 existimabam,
840 2000 884 2033 ut
918 1994 990 2033 iam
1020 2007 1087 2034 sex
1116 1993 1359 2049 stropharum
1388 2006 1537 2035 carmen
1564 1992 1849 2048 relinqueretur.
1896 1994 2022 2048 Atque
2051 1998 2137 2049 apte
2166 1991 2317 2048 quidem
2345 1991 2513 2035 ultimam

133 2059 254 2102 verbis
281 2059 353 2101 illis
379 2072 439 2100 vv.
456 2057 522 2108 23,
535 2057 608 2102 24:
633 2066 667 2100 et
692 2067 820 2099 cuncta
848 2066 1021 2099 terrarum
1047 2063 1193 2100 subacta
1215 2068 1360 2112 praeter
1385 2067 1539 2100 atrocem
1566 2062 1723 2099 animum
1754 2060 1902 2100 Catonis
1930 2060 2109 2100 continuo
2137 2057 2269 2099 subiici
2295 2061 2514 2115 potuisse

133 2129 197 2167 vix
224 2127 423 2180 quisquam
450 2125 658 2180 negaverit.
713 2123 762 2164 Et
799 2128 878 2163 tum
913 2125 1187 2164 convenientiae
1214 2126 1379 2181 partium
1407 2124 1507 2165 illius
1536 2124 1940 2165 architectonicae
1977 2138 2090 2179 quam
2126 2124 2323 2172 dixerunt,
2356 2130 2515 2179 propter

131 2206 242 2247 quam
254 2191 436 2232 Horatius
463 2204 695 2246 magnopere
724 2187 914 2238 laudatur,
942 2188 1155 2245 exemplum
1184 2190 1405 2233 haberemus
1433 2191 1639 2247 egregium.
1681 2189 1778 2232 Nam
1808 2191 1939 2246 primis
1967 2189 2118 2232 duabus
2134 2189 2303 2246 strophis
2321 2191 2513 2245 aptissime

130 2255 400 2313 responderent
419 2270 477 2297 vv.
489 2255 667 2306 17-24,
681 2256 822 2311 quippe
838 2268 935 2310 quae
953 2256 1097 2311 pariter
1116 2255 1162 2296 de
1182 2255 1279 2297 bello
1300 2257 1396 2298 civili
1416 2262 1587 2312 agerent,
1607 2257 1716 2297 tertia
1738 2261 1864 2297 autem
1885 2257 2002 2297 eiecta
2025 2254 2185 2311 stropha
2201 2268 2335 2295 versus
2356 2255 2511 2299 13--17

131 2321 414 2379 appellationem
444 2321 627 2362 haberent
650 2319 851 2368 Pollionis,
878 2318 1011 2361 ultima
1040 2321 1199 2376 stropha
1220 2336 1278 2362 vv.
1293 2322 1467 2365 37—40
1489 2322 1625 2363 Musae
1645 2320 1979 2376 compellationem.
2007 2320 2092 2367 Qua
2112 2322 2257 2360 ratione
2278 2320 2368 2375 quid
2383 2330 2513 2376 posset

131 2403 211 2429 esse
239 2388 472 2444 elegantius?
517 2388 646 2442 Atque
675 2389 713 2428 in
743 2387 841 2428 hanc
868 2385 946 2428 sere
975 2389 1197 2428 sententiam
1225 2386 1273 2429 ad
1300 2387 1357 2428 Te
1384 2389 1596 2443 scripturus
1612 2436 1616 2441 ι
1630 2401 1744 2428 eram.
1793 2384 1870 2427 Sed
1904 2400 1990 2427 cum
2017 2383 2113 2427 diem
2142 2399 2192 2427 ex
2219 2383 2279 2427 die
2307 2388 2511 2442 procrasti-

131 2470 276 2503 narem,
306 2455 623 2510 appropinquavit
651 2459 799 2509 tempus
827 2457 1036 2495 conventus
1064 2451 1345 2510 philologorum
1371 2452 1620 2496 Vratislaviae
1648 2449 1831 2501 habendi,
1859 2452 1920 2493 cui
1947 2464 2031 2493 cum
2052 2450 2109 2493 Te
2131 2464 2300 2508 quoque,
2325 2453 2393 2508 qui
2422 2451 2511 2495 olim

132 2518 339 2564 academiae
368 2518 672 2564 Vratislaviensis
699 2517 816 2563 decus
844 2517 1000 2571 fuisses,
1040 2518 1307 2562 interfuturum
1335 2532 1552 2578 sperarem,
1572 2516 1806 2561 commodius
1834 2517 1925 2558 mihi
1952 2516 2150 2559 videbatur
2177 2531 2303 2558 coram
2332 2518 2379 2558 de
2406 2532 2451 2559 ca
2470 2533 2510 2559 re

131 2587 272 2627 Tecum
302 2600 422 2641 agere.
470 2587 546 2627 Sed
574 2600 661 2642 spes
691 2600 771 2627 mea
799 2587 877 2627 Tui
904 2581 1056 2627 videndi
1095 2588 1250 2642 decepta
1277 2593 1344 2627 est.
1391 2588 1519 2641 ltaque
1547 2592 1672 2626 tamen
1700 2587 1871 2639 quamvis
1898 2587 2037 2625 invitus
2066 2585 2115 2625 ad
2142 2585 2379 2626 scribendum
2408 2601 2511 2625 com-

130 2653 265 2708 pulsus
299 2668 392 2694 sum.
437 2653 487 2695 Et
511 2668 552 2694 re
581 2668 669 2695 vera
697 2652 854 2695 Octobri
880 2668 1008 2696 mense
1037 2651 1160 2695 medio
1188 2650 1387 2709 epistolam
1419 2650 1468 2694 ad
1494 2649 1552 2694 Te
1587 2650 1739 2707 scripsi,
1776 2664 1854 2693 non
1882 2647 2025 2694 absolvi
2055 2654 2191 2693 tamen.
2238 2649 2367 2707 Atque
2395 2648 2509 2693 huius

132 2715 280 2774 quidem
317 2719 560 2759 cunctationis
595 2732 653 2759 me
686 2731 766 2760 non
792 2718 969 2776 poenitet.
1020 2716 1117 2760 Nam
1147 2731 1233 2760 cum
1260 2716 1391 2759 eodem
1418 2716 1493 2759 fere
1520 2720 1688 2773 tempore
1715 2721 1872 2773 propter
1897 2715 2074 2758 leviorem
2101 2716 2291 2773 quandam
2319 2718 2509 2771 quaestio·

130 2798 213 2823 nem
244 2785 522 2837 grammaticam
550 2787 726 2824 maiorem
756 2784 907 2825 Horatii
932 2790 1078 2839 partem
1107 2786 1247 2825 cursim
1274 2782 1472 2838 perlegens
1499 2783 1579 2823 Sat.
1603 2782 1629 2823 1.
1661 2782 1721 2830 10,
1740 2783 1793 2825 42
1810 2783 1897 2836 (50)
1927 2783 1974 2824 ad
2004 2783 2097 2824 haec
2123 2784 2395 2838 pervenissem:

585 2855 590 2859 ”
1260 2846 1383 2891 Pollio
1410 2862 1543 2903 regum

867 2914 984 2958 Facta
1014 2916 1115 2956 canit
1141 2913 1237 2973 pede
1265 2918 1324 2956 ter
1349 2926 1542 2971 percusso,

127 2980 264 3021 horum
290 2977 492 3019 verborum
521 2992 578 3018 me
605 2978 767 3021 intellexi
789 2986 882 3030 tum,
910 2995 995 3022 cum
1023 2983 1171 3022 tertiam
1200 2979 1398 3037 stropham
1427 2982 1507 3020 eius
1535 2982 1708 3022 carminis
1735 2980 1781 3022 de
1809 2995 1885 3037 quo
1915 2982 2063 3037 agimus
2091 2982 2129 3021 in
2158 2980 2410 3035 suspicionem
2439 2995 2505 3021 vo-

126 3060 266 3092 carem.
302 3059 378 3086 non
407 3043 522 3085 fuisse
557 3057 768 3087 memorem.
822 3046 1008 3089 Nimirum
1043 3049 1119 3090 iam
1147 3048 1212 3089 diu
1241 3052 1322 3089 tum
1350 3050 1433 3088 erat
1459 3046 1561 3101 quod
1588 3049 1742 3089 satiram
1769 3047 1870 3089 illam
1898 3061 1976 3089 non
2004 3045 2187 3104 legeram,
2217 3048 2505 3089 commentarios

125 3117 250 3153 autem
280 3113 318 3152 in
361 3110 426 3152 illa
453 3110 610 3152 lectione
638 3125 715 3152 non
742 3113 991 3155 consulebam.
1050 3114 1128 3156 lam
1165 3128 1254 3156 vero
1297 3112 1370 3155 illis
1405 3112 1528 3156 verbis
1563 3115 1728 3156 monitus
1763 3114 1943 3171 cognovi,
1986 3114 2119 3155 merito
2154 3111 2246 3154 mihi
2281 3118 2438 3169 propter
2466 3112 2503 3154 id

124 3180 268 3233 ipsum,
311 3175 414 3232 quod
449 3175 632 3218 Horatius
664 3176 943 3233 tragoediarum
980 3178 1160 3222 Pollionis
1197 3181 1424 3222 mentionem
1463 3181 1674 3222 emissurus
1711 3186 1828 3228 esset,
1871 3178 2041 3221 nonnihil
2083 3177 2329 3220 dubitationis
2374 3178 2501 3221 fuisse.
