2720 3459
1279 126 1339 175 25

127 291 204 333 quo
239 280 349 332 pacto
392 274 614 316 defendatur
655 274 873 317 feminarum
912 276 1109 333 pudicitia,
1154 275 1221 318 sed
1256 282 1351 332 quot
1385 276 1607 331 quantisque
1642 275 1810 332 undique
1843 277 2015 332 periculis
2050 277 2220 319 obnoxia
2254 278 2303 319 sit
2335 276 2491 319 Danaus

127 343 259 384 docere
293 340 384 383 vult.
441 340 553 388 Quod
581 343 691 381 etiam
726 355 769 382 ea
797 356 893 397 quae
927 348 1140 398 sequuntur
1167 341 1439 383 demonstrant.
1497 341 1641 382 Verum
1667 356 1714 383 ne
1744 341 1896 399 θήραις
1921 343 2067 398 quidem
2097 359 2131 384 v.
2160 341 2253 386 968.
2282 342 2371 384 mihi
2400 344 2491 383 satis

125 408 267 465 placet3
294 422 380 448 nam
409 405 580 448 venando
608 408 772 463 virgines
799 422 876 449 non
903 414 979 451 tam
1006 409 1207 451 laeduntur
1235 422 1348 463 quam
1371 410 1410 449 in
1432 407 1639 463 periculum
1661 408 1912 449 adducuntur.
1942 408 2052 456 Quod
2074 409 2232 464 denique
2253 408 2491 450 Hermannus

126 474 290 548 piscium
312 474 536 513 mentionem
564 471 767 522 desiderat,
803 472 957 515 Danaus
990 489 1035 516 ea
1071 473 1244 517 animalia
1280 478 1567 522 commemorat,
1603 487 1699 529 quae
1727 479 1764 514 et
1790 475 1940 530 potiora
1968 480 2056 516 sunt
2087 481 2123 516 et
2160 488 2323 530 quorum
2351 476 2428 516 vita
2455 480 2492 515 et

128 538 290 580 studia'
281 553 320 579 m
348 538 540 579 hominum
569 537 698 579 oculos
728 540 888 580 maxime
916 541 1123 582 incurrunt.
1152 540 1250 582 Mihi
1276 539 1384 581 locus
1412 541 1466 581 sic
1493 539 1713 581 scribendus
1741 539 1907 582 videtur:

784 603 929 660 τέρειν’
956 606 1100 661 ὀπώρα
1128 605 1171 646 δ’
1199 605 1452 661 εὐφύλακτος
1477 604 1689 660 οοδαμῶς·

785 669 899 712 θεοί
923 686 1018 727 σφε
1044 673 1277 729 κηραίνουσι
1304 673 1371 713 καὶ
1397 671 1558 728 βροτοί.
1589 671 1628 712 τί
1648 671 1748 728 μῆνς

780 735 845 776 καὶ
871 735 1055 778 κνώδαλα
1082 739 1304 793 πτεροῦντα
1330 738 1396 778 καὶ
1423 736 1648 793 πεδοστιβῆ

761 800 1031 856 ’καρπώμαι9’
1057 801 1085 843 ἃ
1111 802 1306 851 στάζοντα
1332 801 1527 860 κηρύσσει
1555 800 1727 859 Κύπρις·

781 866 975 923 κᾶωρον
1002 866 1142 909 ὥλεσ’
1168 867 1324 913 ἄνθος
1348 867 1401 908 ὃν
1426 868 1585 922 μήνει’
1613 866 1756 923 ἔρως.

129 937 180 973 Et
205 936 260 973 dii
286 948 361 973 eam
390 934 594 988 (virginum
622 931 870 988 pubertatem)
904 936 1049 974 laedunt
1072 942 1106 974 et
1129 937 1305 973 mortales.
1366 935 1467 981 Quid
1490 942 1598 975 vero?
1631 939 1735 974 etiam
1766 938 1897 976 bestz‘coe
1927 938 2045 975 alam
2071 942 2105 975 et
2128 937 2167 974 in
2193 937 2268 974 solo
2295 937 2488 974 incedentes

128 1003 274 1040 laedunt
289 1004 452 1051 fructum
479 1014 581 1049 quem
608 1008 782 1038 maturum
807 1001 925 1039 Venus
952 1003 1097 1040 nuntiat.
1137 1002 1201 1039 Vel
1226 1003 1448 1039 immaturum
1470 1004 1599 1051 florem
1621 1004 1749 1053 perdit
1774 1005 1806 1039 is
1833 1016 1938 1053 quem
1966 1004 2175 1053 cupiditatis
2191 1005 2304 1052 sum
2331 1003 2491 1039 incendit.

127 1065 186 1107 Ac
212 1064 303 1106 deos
332 1063 480 1119 quidem
511 1063 571 1105 illa
600 1069 717 1105 aetate
745 1064 953 1119 virginibus
980 1064 1176 1105 insidiatos
1210 1079 1292 1105 esse
1325 1070 1364 1105 et
1394 1067 1470 1105 vim
1496 1066 1684 1113 intulisse,
1719 1066 1852 1121 plenae
1884 1066 2147 1121 exemplorum
2181 1071 2270 1106 sunt
2296 1071 2490 1120 poetarum

127 1129 292 1180 fabulae,
319 1136 364 1172 ut
390 1128 546 1172 Danaus
579 1128 673 1171 filias
708 1143 798 1171 suas
830 1135 929 1172 recte
964 1128 1010 1171 ab
1045 1129 1116 1171 illis
1150 1142 1233 1171 non
1262 1131 1384 1172 minus
1421 1144 1534 1186 quam
1570 1146 1592 1173 a
1619 1133 1710 1173 viris
1746 1131 1874 1173 iubeat
1907 1131 1979 1174 sibi
2006 1145 2148 1174 cavere.
2204 1129 2370 1173 Confusa
2406 1136 2494 1172 sunt

132 1196 201 1235 ΘΕ
204 1195 370 1236 oman:
395 1202 432 1235 et
463 1195 713 1235 θΕΡΕΣΔΕ.
768 1195 833 1235 Ad
866 1195 1052 1235 κνώδαλα
1080 1197 1303 1249 πτεροῦντα
1334 1196 1400 1235 καὶ
1427 1196 1649 1254 πεδοστιβῆ
1682 1212 1733 1238 ex
1760 1197 2070 1253 praecedentibus
2099 1198 2224 1238 verbis
2250 1196 2493 1253 repetendum

127 1261 319 1318 κηραίνει.
369 1260 548 1303 Ultimum
578 1275 727 1302 versum
755 1262 809 1302 sie
835 1262 909 1301 iam
938 1275 971 1301 a.
1003 1259 1120 1304 1836.
1148 1259 1358 1310 emendavi,
1385 1276 1505 1316 neque
1532 1277 1632 1304 nunc
1658 1265 1804 1318 reperio
1832 1263 1936 1319 quod
1963 1266 2086 1319 magis
2114 1263 2206 1304 mihi
2233 1262 2398 1318 placeat,
2423 1264 2493 1303 nisi

127 1330 165 1367 in
191 1326 346 1368 eandem
375 1328 594 1367 sententiam
623 1325 752 1367 malis:
780 1325 927 1380 κᾶωρα
952 1324 1181 1372 λωτίζουσιν
1209 1327 1292 1376 (aut
1316 1325 1534 1384 λωτίζοιντ’
1562 1326 1627 1380 ἄν)
1657 1328 1721 1373 οἷς
1743 1328 1893 1385 μέμην’
1920 1326 2043 1384 ἔρως.
2099 1327 2175 1369 Cfr.
2211 1343 2246 1368 v.
2275 1327 2369 1370 950.
2402 1326 2493 1368 Eur.

128 1391 262 1448 Suppl.
291 1391 383 1436 449.
413 1391 495 1448 lph.
523 1392 573 1435 A.
602 1390 693 1436 793.
748 1390 991 1433 Maturorum
1018 1395 1141 1432 autem
1169 1389 1360 1433 fructuum
1385 1391 1560 1447 periculis
1587 1396 1886 1436 commemoratis
1913 1396 2103 1435 immaturi
2129 1393 2238 1435 floris
2266 1395 2492 1434 mentionem

128 1458 206 1499 fieri
235 1459 427 1514 aptissime
454 1472 575 1507 nemo,
604 1459 751 1513 opinor,
780 1455 1013 1498 infitiabitur.

303 1523 381 1565 Sed
408 1524 499 1565 haec
526 1524 727 1565 hactenus:
755 1536 851 1578 quae
877 1528 1072 1578 praeterea
1098 1525 1138 1563 in
1166 1521 1237 1563 hac
1263 1522 1391 1564 fabula
1417 1527 1564 1574 notavi,
1591 1524 1752 1567 fortasse
1780 1526 1853 1567 alio
1879 1531 2048 1582 tempore
2074 1539 2295 1582 proponam.

303 1698 505 1754 Sophoclis
543 1697 691 1741 fabulas
733 1713 816 1740 cum
855 1712 925 1755 per
966 1697 1219 1755 quadraginta
1257 1713 1375 1755 paene
1412 1713 1532 1741 annos
1569 1701 1784 1756 saepissime
1817 1715 1886 1742 nec
1919 1700 2043 1758 longis
2075 1703 2254 1758 temporis
2289 1700 2492 1742 intervallis

128 1767 280 1824 legerim
307 1780 352 1808 ac
378 1765 593 1821 relegerim,
635 1764 749 1806 modo
782 1767 922 1806 cursim
957 1772 994 1806 et
1026 1764 1284 1815 festinantius,
1325 1765 1439 1806 modo
1476 1766 1654 1806 attentius
1689 1771 1728 1807 et
1761 1768 1989 1816 accuratius,
2025 1765 2105 1807 fieri
2138 1780 2216 1808 non
2245 1767 2370 1823 potuit
2402 1768 2493 1822 quin

128 1832 246 1875 multa
271 1838 443 1875 notarem
472 1846 568 1887 quae
596 1846 679 1873 cum
708 1836 775 1873 aut
801 1830 982 1873 mendosa
1009 1836 1048 1873 et
1074 1838 1254 1888 corrupta
1283 1837 1350 1874 aut
1382 1830 1499 1873 dubia
1532 1837 1570 1872 et
1603 1837 1778 1887 suspecta
1811 1832 1902 1873 mihi
1935 1832 2168 1882 viderentur,
2201 1831 2494 1874 emendationem

128 1900 381 1956 requirerent3
409 1912 505 1955 quae
533 1899 566 1939 si
593 1898 720 1938 omnia
747 1896 916 1954 proferre
943 1895 1094 1947 vellem,
1123 1896 1271 1939 modico
1300 1896 1481 1939 volumini
1506 1896 1694 1954 explendo
1723 1897 1945 1940 sufficerent.
1982 1897 2082 1955 Sunt
2109 1904 2232 1941 autem
2262 1900 2494 1940 coniecturae

128 1979 231 2006 meae
253 1964 362 2009 valde
381 1964 616 2005 diversorum
637 1969 869 2019 temporum3
897 1962 964 2003 sed
991 1965 1175 2019 imprimis
1203 1963 1322 2005 multa
1341 1965 1535 2005 novissimi
1557 1966 1644 2004 anni
1663 1963 1905 2013 addiderunt,
1933 1978 2017 2005 cum
2042 1963 2316 2006 Schneidewini
2339 1964 2493 2020 Sopho-

129 2031 220 2073 clem
256 2031 468 2073 accuratius
503 2031 770 2071 examinarem.
827 2027 903 2070 Sed
932 2043 1017 2070 cum
1045 2043 1122 2071 non
1148 2042 1272 2086 pauca
1299 2031 1395 2079 sint,
1432 2043 1527 2086 quae
1553 2028 1612 2071 vel
1640 2035 1725 2071 ante
1752 2028 1810 2070 vel
1836 2035 1926 2086 post
1952 2044 2010 2072 me
2038 2029 2100 2071 alii
2127 2029 2255 2071 eadem
2283 2038 2395 2086 atque
2422 2044 2494 2086 ego

129 2098 353 2142 invenerint.
393 2097 426 2138 si
460 2098 499 2137 in
531 2097 577 2137 iis
611 2109 708 2151 quae
742 2109 954 2151 proponam
990 2094 1182 2146 acciderit,
1227 2101 1273 2137 ut
1307 2110 1389 2138 mea
1425 2095 1636 2138 emendatio
1671 2098 1744 2138 iam
1776 2098 1881 2151 prius
1917 2095 1964 2137 ab
2000 2096 2082 2138 aliis
2115 2098 2165 2137 sit
2196 2096 2312 2145 edita,
2356 2095 2396 2137 id
2423 2109 2495 2150 ego

130 2164 316 2219 ignoravi.
372 2161 471 2203 Nam
499 2175 742 2217 quaecunque
769 2159 953 2202 eiusmodi
982 2159 1058 2201 vidi
1088 2174 1131 2202 ac
1157 2160 1230 2218 legi
1260 2161 1438 2218 (plurima
1464 2167 1588 2203 tamen
1616 2175 1672 2203 me
1701 2160 1840 2218 fugisse
1867 2167 2009 2202 certum
2036 2166 2129 2215 est),
2162 2175 2310 2218 semper
2344 2163 2496 2203 nomine

130 2230 294 2269 auctoris
322 2227 451 2269 addito
479 2229 518 2268 in
545 2226 778 2283 marginibus
807 2225 1009 2282 adscripsi,
1036 2225 1149 2266 simul
1176 2232 1314 2267 notans
1348 2232 1434 2267 uter
1459 2228 1566 2283 prior
1592 2231 1690 2267 esset
1717 2227 1795 2266 eius
1824 2227 2056 2268 coniecturae
2085 2231 2230 2267 auctor.
2286 2225 2370 2267 Hoc
2404 2240 2497 2266 vero

130 2293 211 2335 loco
240 2299 278 2335 et
305 2293 378 2335 hoc
405 2300 573 2348 tempore
599 2305 721 2348 pauca
748 2305 797 2334 ex
826 2290 985 2347 singulis
1014 2289 1151 2333 fabulis
1179 2293 1393 2348 speciminis
1421 2291 1504 2333 loco
1531 2294 1570 2333 in
1597 2291 1758 2333 medium
1785 2290 1953 2347 proferre
1981 2291 2070 2332 mihi
2100 2291 2218 2333 liceat.

307 2381 593 2424 SOPHOCLlS
622 2380 760 2423 AIAC.
787 2395 822 2422 v.
849 2380 959 2424 269ae
987 2381 1137 2437 ἡμεῖς
1160 2378 1234 2438 ἄρ’
1261 2380 1310 2421 οὖ
1340 2383 1552 2425 νοσοῦντες
1576 2379 1797 2434 α’τώμεσθα
1825 2382 1905 2420 νῦν.

306 2447 371 2491 Sic
403 2447 488 2490 libri
522 2454 559 2490 et
593 2446 732 2497 schol,
764 2448 838 2489 nisi
865 2445 969 2503 quod
996 2444 1077 2488 cod.
1108 2445 1195 2488 Par.
1226 2460 1249 2488 a
1279 2445 1452 2488 Bekkero
1481 2445 1635 2488 collatus
1662 2444 1704 2499 γ’
1730 2443 1813 2502 ἄρ’,
1850 2444 1974 2502 Mosq.
2012 2444 2047 2487 b.
2083 2446 2121 2487 οὶ
2148 2459 2221 2503 pro
2250 2445 2313 2488 οὐ.
2369 2444 2501 2503 Nuper

132 2515 280 2556 demum
301 2514 363 2556 hic
382 2514 567 2555 offensum
591 2519 665 2562 est3
685 2512 785 2554 unde
802 2513 1041 2553 Hermannus
1058 2512 1115 2553 ed.
1127 2512 1164 2555 3.
1180 2513 1332 2568 scripsit
1353 2513 1471 2569 ἡμεῖς
1487 2511 1558 2568 ἄρ’
1579 2510 1663 2552 οὖν
1686 2513 1896 2557 νοσοῦντες
1913 2510 2138 2566 ἀτώμεσῦα
2159 2513 2242 2563 νῦν,
2263 2513 2367 2569 quod
2385 2514 2504 2554 miror

132 2582 212 2622 viro
240 2594 388 2622 summo
407 2578 570 2636 ,probari
597 2580 779 2635 potuisse.
808 2579 857 2620 A.
879 2577 1074 2620 Nauckius
1094 2592 1218 2634 nuper
1240 2580 1415 2620 coniecit:
1442 2576 1578 2636 ἔχεις
1603 2576 1693 2633 ἄρ’·
1722 2577 1770 2619 οὐ
1800 2593 1882 2619 νοσ.
1912 2579 1973 2619 ἀτ.
2003 2580 2085 2619 νῦν.
2114 2578 2236 2627 Quem
2258 2594 2342 2621 cum
2368 2580 2502 2621 alicubi

134 2646 305 2704 legissem
333 2645 435 2688 hunc
463 2644 586 2687 locum
614 2643 831 2686 emendasse
866 2658 935 2686 nec
961 2648 1087 2686 tamen
1114 2642 1325 2701 quomodo,
1361 2645 1459 2702 ipse,
1495 2644 1559 2700 qui
1594 2656 1740 2700 semper
1772 2641 1820 2685 ad
1854 2642 1947 2686 illud
1982 2649 2133 2702 teinpus
2167 2646 2247 2688 sine
2281 2644 2359 2688 ulla
2385 2659 2503 2703 paene

133 2713 337 2754 offensione
359 2713 459 2754 bunc
478 2726 628 2753 versum
649 2711 834 2766 legissem,
858 2713 1069 2752 accuratius
1089 2724 1175 2752 eum
1196 2712 1420 2752 examinavi.
1440 2709 1565 2764 Atque
1583 2715 1672 2749 sunt
1688 2723 1778 2750 sane
1797 2723 1894 2764 quae
1914 2709 2121 2752 offendant.
2139 2709 2279 2766 Ἡμεῖς
2294 2726 2502 2768 pronomen

133 2780 212 2821 sine
239 2781 276 2821 vi
304 2793 348 2820 ac
374 2783 524 2835 praeter
549 2778 806 2820 necessitatem
833 2778 1019 2833 positum,
1037 2790 1132 2819 ‚cum
1157 2776 1263 2819 nulla
1291 2776 1386 2819 alius
1413 2777 1630 2830 cuiusquam
1658 2781 1724 2817 aut
1752 2775 1912 2817 aliorum
1941 2778 1991 2818 sit
2018 2778 2229 2833 oppositio;
2264 2777 2331 2819 sed
2357 2776 2502 2819 deside-

132 2851 241 2885 ratur
268 2844 502 2886 confirmatio
528 2845 608 2885 eius
637 2844 840 2884 sententiae
867 2856 981 2897 quam
1009 2842 1150 2883 chorus
1177 2844 1382 2898 expressit:
1410 2840 1453 2880 τὸ
1476 2839 1661 2888 διπλοίζον
1680 2840 1818 2894 μεῖζον
1846 2841 1984 2883 κακόν.
2012 2843 2146 2897 ltaque
2170 2842 2407 2884 scribendum
2428 2850 2501 2883 est:

835 2905 861 2965 ἦ
891 2906 1021 2949 δι’σσ’
1047 2905 1121 2964 ἄρ’
1148 2907 1198 2949 οὐ
1227 2907 1437 2950 νοσοῦντες
1460 2903 1684 2961 ἀτώμεσθα
1713 2906 1793 2947 νῦν.

134 2973 240 3022 Quae
266 2981 311 3017 ut
337 2973 535 3016 obscurius
563 2974 663 3015 dicta
689 2987 767 3015 non
793 2972 1003 3029 intelligens
1031 2973 1191 3014 chorus·
1218 2976 1307 3017 πῶς
1331 2970 1438 3011 τοῦτ’
1465 2969 1621 3019 ἔλεξας
1649 2971 1698 3011 οὐ
1726 2972 1883 3012 κάτοιδ’
1913 2974 2030 3019 οπως
2054 2974 2194 3028 λέγεις.
2223 2975 2282 3015 Ac
2303 2973 2502 3014 Tecmessa

134 3039 319 3095 explicata
352 3041 407 3081 rei
440 3041 586 3081 ratione
620 3054 663 3081 ac
695 3040 878 3080 sententia
912 3052 1000 3088 sua,
1041 3039 1149 3080 cuius
1184 3052 1329 3080 summa
1363 3038 1402 3077 in
1438 3050 1496 3077 vv·
1529 3037 1620 3079 275.
1656 3036 1721 3079 76.
1759 3039 1873 3089 inest,
1915 3054 1986 3082 sua
2028 3042 2147 3096 ipsius
2183 3039 2297 3081 verba
2337 3054 2373 3078 v.
2409 3038 2501 3083 269.

134 3102 159 3160 ἦ
190 3103 296 3147 δίσσ’
324 3103 397 3161 ἄρ’
420 3128 467 3137 -·
499 3106 567 3147 νῦν
593 3106 816 3162 respiciens:
844 3101 918 3160 ἆρ’
944 3101 1027 3146 ἔστι
1056 3086 1181 3146 ταῦτα
1209 3102 1286 3148 δὶς
1310 3099 1409 3143 τόσ’
1436 3099 1485 3148 ἐξ
1508 3100 1644 3143 ἁπλῶν
1671 3103 1793 3154 κακοῖς

2177 3183 2200 3226 7
